2009.11.04 20:00:09.145,8.4445,8.44695,1.00,1.60
2009.11.04 20:00:14.033,8.4402,8.44565,1.60,1.00
2009.11.04 20:00:17.162,8.4406,8.4454,1.60,1.00
2009.11.04 20:00:18.252,8.4406,8.4453,1.60,1.00
2009.11.04 20:00:20.112,8.4406,8.4452,1.60,1.00
2009.11.04 20:00:53.168,8.4406,8.445,1.60,2.40
2009.11.04 20:00:53.468,8.44025,8.4447,1.60,3.20
2009.11.04 20:00:54.748,8.4395,8.44375,3.20,1.60
2009.11.04 20:00:55.097,8.4374,8.4427,2.40,1.00
2009.11.04 20:00:59.547,8.4384,8.4438,2.40,1.00
2009.11.04 20:01:03.575,8.43885,8.4449,2.40,1.00
2009.11.04 20:01:03.815,8.438,8.4449,2.40,1.00
2009.11.04 20:01:11.584,8.43905,8.4447,1.60,1.00
2009.11.04 20:01:11.864,8.43905,8.4452,1.60,1.00
2009.11.04 20:01:19.492,8.44005,8.4452,1.60,1.00
2009.11.04 20:01:55.053,8.44025,8.44515,1.60,1.00
2009.11.04 20:01:56.443,8.44025,8.44505,1.60,1.00
2009.11.04 20:02:00.432,8.4398,8.445,1.60,1.00
2009.11.04 20:02:00.712,8.43925,8.445,1.60,1.00
2009.11.04 20:02:20.277,8.43925,8.44505,1.60,1.00
2009.11.04 20:02:26.456,8.43925,8.4452,1.60,1.00
2009.11.04 20:04:14.800,8.43925,8.44515,1.60,1.00
2009.11.04 20:04:42.533,8.43925,8.4452,1.60,1.00
2009.11.04 20:08:21.820,8.43925,8.44515,1.60,1.00
2009.11.04 20:08:26.829,8.43925,8.4452,1.60,1.00
2009.11.04 20:08:30.728,8.43925,8.44505,1.60,1.00
2009.11.04 20:08:31.199,8.43925,8.445,1.60,1.00
2009.11.04 20:08:32.117,8.44,8.445,1.00,1.00
2009.11.04 20:09:23.285,8.43925,8.445,1.60,1.00
2009.11.04 20:09:23.965,8.43925,8.4452,1.60,1.00
2009.11.04 20:09:26.694,8.43925,8.4452,1.60,1.00
2009.11.04 20:09:32.473,8.43925,8.445,1.60,1.00
2009.11.04 20:10:01.746,8.44,8.445,1.00,1.00
2009.11.04 20:10:10.264,8.44,8.44395,1.00,1.00
2009.11.04 20:10:21.861,8.44,8.44385,1.00,1.00
2009.11.04 20:10:22.141,8.44,8.44385,1.00,1.00
2009.11.04 20:10:22.381,8.44,8.4437,1.00,1.00
2009.11.04 20:10:38.037,8.44,8.44435,1.00,1.00
2009.11.04 20:10:43.196,8.4376,8.44435,2.40,1.00
2009.11.04 20:11:10.649,8.43775,8.44435,1.60,1.00
2009.11.04 20:11:18.987,8.43775,8.4444,1.60,1.00
2009.11.04 20:11:33.914,8.4388,8.4444,1.00,1.00
2009.11.04 20:12:11.725,8.439,8.4444,1.00,1.00
2009.11.04 20:12:11.955,8.439,8.4448,1.00,1.00
2009.11.04 20:12:22.462,8.439,8.4447,1.00,1.00
2009.11.04 20:12:27.291,8.439,8.44435,1.00,1.00
2009.11.04 20:15:01.104,8.43925,8.44435,1.60,1.00
2009.11.04 20:15:01.524,8.43925,8.4445,1.60,1.00
2009.11.04 20:20:01.713,8.43925,8.44595,1.60,1.60
2009.11.04 20:20:30.376,8.43925,8.4454,1.60,1.60
2009.11.04 20:20:37.944,8.43925,8.4447,1.60,1.00
2009.11.04 20:20:38.224,8.43925,8.44485,1.60,1.00
2009.11.04 20:20:39.065,8.43925,8.4448,1.60,1.00
2009.11.04 20:20:40.054,8.43925,8.4445,1.60,1.00
2009.11.04 20:22:47.683,8.43875,8.4429,1.60,1.00
2009.11.04 20:22:53.122,8.43875,8.44255,1.60,2.30
2009.11.04 20:22:54.112,8.43875,8.4424,1.60,1.00
2009.11.04 20:22:57.751,8.43875,8.4424,1.60,2.40
2009.11.04 20:23:32.163,8.439,8.4424,1.60,1.00
2009.11.04 20:23:32.502,8.439,8.4425,1.60,1.60
2009.11.04 20:24:03.575,8.4385,8.442,2.30,1.60
2009.11.04 20:24:03.905,8.4385,8.442,2.30,2.30
2009.11.04 20:24:07.604,8.4385,8.442,1.60,1.60
2009.11.04 20:24:07.904,8.43925,8.4423,1.60,1.00
2009.11.04 20:24:08.294,8.43925,8.44515,1.60,1.00
2009.11.04 20:24:52.603,8.4385,8.4421,2.30,3.60
2009.11.04 20:24:57.812,8.4396,8.4438,5.60,1.60
2009.11.04 20:24:57.992,8.44035,8.4448,1.60,2.40
2009.11.04 20:25:02.061,8.4393,8.4445,1.60,1.00
2009.11.04 20:25:02.171,8.43925,8.4445,1.60,1.00
2009.11.04 20:25:05.530,8.43925,8.4444,1.60,2.40
2009.11.04 20:26:07.265,8.43925,8.4445,1.60,1.00
2009.11.04 20:28:31.610,8.43925,8.441,1.60,3.10
2009.11.04 20:29:12.171,8.43925,8.4449,1.60,1.00
2009.11.04 20:29:30.506,8.43925,8.44485,1.60,1.00
2009.11.04 20:29:33.186,8.43925,8.4447,1.60,1.00
2009.11.04 20:29:34.185,8.43925,8.4445,1.60,1.00
2009.11.04 20:29:48.872,8.43925,8.44415,1.60,2.40
2009.11.04 20:29:49.232,8.43875,8.44415,1.60,2.40
2009.11.04 20:30:33.621,8.4381,8.44365,1.60,2.40
2009.11.04 20:31:33.696,8.43775,8.4437,1.60,1.00
2009.11.04 20:31:40.045,8.4381,8.4439,1.60,1.00
2009.11.04 20:31:45.623,8.4381,8.44395,1.60,1.00
2009.11.04 20:31:51.612,8.4381,8.4437,1.60,1.00
2009.11.04 20:32:52.977,8.4381,8.44385,1.60,1.00
2009.11.04 20:33:03.865,8.4381,8.4437,1.60,1.00
2009.11.04 20:34:25.375,8.4401,8.44465,4.00,1.00
2009.11.04 20:34:25.725,8.4402,8.4454,1.60,3.20
2009.11.04 20:34:35.413,8.44125,8.4454,1.60,3.20
2009.11.04 20:35:25.705,8.44125,8.4454,1.60,1.00
2009.11.04 20:36:56.613,8.44125,8.4456,1.60,1.20
2009.11.04 20:38:02.997,8.44125,8.4456,1.60,1.00
2009.11.04 20:38:03.857,8.44125,8.4456,1.60,1.20
2009.11.04 20:38:14.724,8.44125,8.4456,1.60,1.00
2009.11.04 20:38:16.256,8.44125,8.4456,1.60,1.20
2009.11.04 20:38:30.511,8.44125,8.4456,1.60,1.00
2009.11.04 20:39:03.732,8.44125,8.4456,1.60,1.20
2009.11.04 20:39:24.467,8.44115,8.44535,1.60,2.40
2009.11.04 20:39:32.865,8.44115,8.44525,1.60,2.40
2009.11.04 20:39:33.205,8.44115,8.44525,1.60,1.60
2009.11.04 20:39:38.664,8.44125,8.44525,1.60,1.60
2009.11.04 20:41:12.413,8.44125,8.4456,1.60,1.00
2009.11.04 20:41:12.812,8.44125,8.4454,1.60,2.40
2009.11.04 20:41:14.551,8.44125,8.4456,1.60,1.00
2009.11.04 20:41:25.968,8.44125,8.4455,1.60,2.40
2009.11.04 20:41:26.288,8.44125,8.4459,1.60,1.00
2009.11.04 20:41:37.065,8.4428,8.44625,1.00,1.60
2009.11.04 20:41:37.395,8.44105,8.44625,4.00,1.60
2009.11.04 20:41:37.745,8.44105,8.44625,1.60,1.60
2009.11.04 20:41:40.474,8.44125,8.4462,1.60,1.00
2009.11.04 20:41:41.524,8.44125,8.4461,1.60,1.00
2009.11.04 20:41:43.064,8.44125,8.446,1.60,1.00
2009.11.04 20:41:43.304,8.44125,8.4459,1.60,1.00
2009.11.04 20:42:01.730,8.441,8.4452,1.60,3.20
2009.11.04 20:44:13.228,8.44075,8.4449,1.60,2.40
2009.11.04 20:45:40.007,8.4393,8.4437,1.60,2.40
2009.11.04 20:45:40.397,8.43935,8.44425,1.60,1.60
2009.11.04 20:45:40.787,8.4386,8.44425,1.00,1.60
2009.11.04 20:45:41.137,8.4385,8.4438,1.60,2.40
2009.11.04 20:45:42.646,8.4383,8.4437,1.60,2.40
2009.11.04 20:45:42.996,8.4384,8.4438,1.60,2.40
2009.11.04 20:45:53.364,8.4382,8.4437,1.60,2.40
2009.11.04 20:46:07.890,8.4382,8.4419,1.60,2.40
2009.11.04 20:46:08.130,8.4375,8.4419,1.60,2.40
2009.11.04 20:46:13.229,8.4375,8.44155,1.60,4.00
2009.11.04 20:46:14.249,8.4375,8.4414,1.60,1.00
2009.11.04 20:46:17.538,8.43775,8.4438,2.00,1.60
2009.11.04 20:46:21.157,8.4395,8.4434,3.90,1.60
2009.11.04 20:46:22.187,8.44,8.44325,1.00,1.60
2009.11.04 20:46:24.396,8.44,8.44325,1.00,3.20
2009.11.04 20:46:24.916,8.43735,8.4432,1.60,1.00
2009.11.04 20:46:25.266,8.43735,8.443,1.60,1.00
2009.11.04 20:46:27.436,8.43775,8.4429,1.60,1.00
2009.11.04 20:50:37.395,8.43905,8.44325,1.60,1.60
2009.11.04 20:51:25.224,8.43875,8.44325,1.60,1.60
2009.11.04 20:51:26.684,8.43875,8.4432,1.60,1.00
2009.11.04 20:51:28.043,8.43875,8.4431,1.60,1.00
2009.11.04 20:51:30.472,8.43875,8.4439,1.60,1.00
2009.11.04 20:51:33.342,8.43925,8.4439,1.60,1.00
2009.11.04 20:51:53.697,8.4394,8.4439,1.60,1.00
2009.11.04 20:53:50.953,8.4405,8.4439,1.00,1.00
2009.11.04 20:53:51.303,8.4405,8.44435,2.20,1.60
2009.11.04 20:58:04.662,8.43915,8.4447,1.00,1.00
2009.11.04 20:58:04.942,8.44,8.4447,1.60,1.00
2009.11.04 20:58:12.470,8.4398,8.4447,4.00,1.00
2009.11.04 20:58:16.069,8.44,8.4447,4.60,1.00
2009.11.04 20:58:31.385,8.4411,8.4447,3.00,1.00
2009.11.04 20:58:34.574,8.4411,8.4447,3.00,1.00
2009.11.04 20:58:36.774,8.4415,8.4447,2.40,1.00
2009.11.04 20:58:47.761,8.44235,8.4447,1.60,1.00
2009.11.04 20:58:52.510,8.4415,8.4447,2.40,1.00
2009.11.04 20:58:54.440,8.44235,8.4447,1.60,1.00
2009.11.04 20:59:54.405,8.4424,8.4454,1.00,1.60
