2009.11.27 08:00:06.944,8.5473,8.55125,1.00,1.00
2009.11.27 08:00:27.779,8.5465,8.5508,1.60,1.00
2009.11.27 08:00:28.119,8.54505,8.5508,1.00,1.00
2009.11.27 08:00:29.209,8.5468,8.5508,1.00,1.00
2009.11.27 08:00:29.499,8.5468,8.5511,1.00,1.00
2009.11.27 08:00:30.669,8.54675,8.5499,1.00,2.40
2009.11.27 08:00:31.009,8.5442,8.54965,1.00,1.00
2009.11.27 08:00:35.878,8.5455,8.54975,1.00,1.00
2009.11.27 08:01:02.132,8.54595,8.55115,1.00,1.00
2009.11.27 08:01:25.926,8.5466,8.5527,5.20,1.00
2009.11.27 08:01:26.285,8.5472,8.55335,1.60,2.20
2009.11.27 08:01:32.794,8.5472,8.55305,1.60,1.60
2009.11.27 08:01:32.904,8.546,8.55305,1.60,1.60
2009.11.27 08:01:33.074,8.54705,8.55355,1.00,1.00
2009.11.27 08:01:33.194,8.5474,8.55355,5.20,1.00
2009.11.27 08:01:33.373,8.5483,8.55375,1.60,1.60
2009.11.27 08:01:36.203,8.5485,8.55415,1.60,1.00
2009.11.27 08:01:36.593,8.5494,8.55465,1.00,1.00
2009.11.27 08:01:51.609,8.55115,8.55465,1.60,1.00
2009.11.27 08:01:51.959,8.5513,8.5582,2.40,1.00
2009.11.27 08:01:52.299,8.5513,8.5589,2.40,1.00
2009.11.27 08:02:24.661,8.5515,8.5572,2.40,1.00
2009.11.27 08:02:24.951,8.55125,8.5572,1.60,1.00
2009.11.27 08:02:27.061,8.5512,8.557,1.60,1.00
2009.11.27 08:02:29.430,8.55125,8.557,1.60,1.00
2009.11.27 08:02:29.770,8.5512,8.557,1.60,1.00
2009.11.27 08:02:29.940,8.55105,8.557,1.60,1.00
2009.11.27 08:02:33.569,8.5515,8.557,1.60,1.00
2009.11.27 08:02:39.588,8.5515,8.557,1.00,1.00
2009.11.27 08:02:40.328,8.5515,8.557,1.60,1.00
2009.11.27 08:03:15.279,8.5514,8.557,1.60,1.00
2009.11.27 08:03:19.398,8.5514,8.5562,1.60,5.20
2009.11.27 08:03:19.628,8.55075,8.55445,1.00,1.00
2009.11.27 08:03:20.018,8.5514,8.55545,1.60,1.00
2009.11.27 08:03:20.538,8.5514,8.5572,1.60,1.00
2009.11.27 08:03:22.517,8.5515,8.557,1.60,1.00
2009.11.27 08:03:29.856,8.55225,8.557,1.00,1.00
2009.11.27 08:03:30.095,8.5525,8.557,1.60,1.00
2009.11.27 08:03:30.206,8.55265,8.557,1.00,1.00
2009.11.27 08:03:31.365,8.55265,8.557,1.00,3.00
2009.11.27 08:03:31.655,8.55265,8.55545,1.00,1.00
2009.11.27 08:03:32.065,8.55225,8.55545,1.00,1.00
2009.11.27 08:03:32.305,8.5529,8.5557,1.00,1.00
2009.11.27 08:03:32.655,8.5529,8.5557,1.00,2.20
2009.11.27 08:03:37.684,8.5525,8.5555,2.20,2.20
2009.11.27 08:03:37.983,8.5525,8.5555,1.00,2.20
2009.11.27 08:03:41.003,8.5509,8.5555,1.00,2.20
2009.11.27 08:03:41.363,8.55205,8.5555,1.60,2.20
2009.11.27 08:03:41.763,8.55205,8.5555,1.60,1.00
2009.11.27 08:03:42.953,8.55225,8.5572,1.60,1.00
2009.11.27 08:03:45.342,8.55255,8.557,1.00,1.00
2009.11.27 08:03:45.632,8.5533,8.557,2.40,1.00
2009.11.27 08:03:45.982,8.55355,8.557,1.00,1.00
2009.11.27 08:03:51.240,8.55355,8.5567,1.00,1.00
2009.11.27 08:03:51.540,8.55355,8.5564,1.00,1.00
2009.11.27 08:04:22.483,8.5534,8.5564,1.00,1.00
2009.11.27 08:04:23.962,8.55385,8.5564,1.00,1.00
2009.11.27 08:04:26.342,8.55505,8.5564,1.00,1.00
2009.11.27 08:04:26.672,8.55505,8.55915,1.00,1.00
2009.11.27 08:04:27.062,8.55505,8.5583,1.00,1.00
2009.11.27 08:04:27.412,8.55485,8.5583,1.00,1.00
2009.11.27 08:04:30.991,8.55525,8.5587,1.00,2.40
2009.11.27 08:04:31.641,8.55345,8.5585,1.00,1.00
2009.11.27 08:04:50.506,8.55365,8.55795,1.00,1.00
2009.11.27 08:04:50.736,8.5533,8.55775,1.00,1.00
2009.11.27 08:05:14.030,8.55355,8.5584,1.00,1.00
2009.11.27 08:05:48.472,8.55355,8.55765,1.00,2.00
2009.11.27 08:05:48.642,8.55325,8.55695,1.00,1.00
2009.11.27 08:05:51.112,8.5525,8.5565,1.60,1.00
2009.11.27 08:05:51.461,8.55125,8.5565,1.00,2.20
2009.11.27 08:05:54.361,8.55085,8.5557,1.00,1.00
2009.11.27 08:05:54.641,8.55085,8.5557,1.00,1.40
2009.11.27 08:05:58.710,8.55085,8.55495,1.00,1.00
2009.11.27 08:05:58.980,8.55085,8.55475,1.00,1.00
2009.11.27 08:05:59.219,8.55035,8.55475,1.00,1.00
2009.11.27 08:06:01.579,8.5517,8.55495,1.00,1.00
2009.11.27 08:06:03.758,8.5519,8.55525,1.00,1.00
2009.11.27 08:06:04.029,8.55225,8.5555,1.00,1.00
2009.11.27 08:06:04.378,8.5508,8.55575,1.00,1.00
2009.11.27 08:06:04.728,8.5507,8.5565,1.60,1.60
2009.11.27 08:06:05.079,8.5507,8.5571,1.60,1.00
2009.11.27 08:06:07.538,8.5511,8.55615,1.00,1.00
2009.11.27 08:06:26.433,8.5535,8.55615,1.00,1.00
2009.11.27 08:06:26.843,8.5535,8.55695,1.00,1.00
2009.11.27 08:06:27.183,8.5535,8.5552,1.00,1.00
2009.11.27 08:06:27.933,8.5539,8.55735,1.00,1.00
2009.11.27 08:06:28.813,8.55195,8.55685,2.40,1.00
2009.11.27 08:06:29.103,8.5512,8.55645,1.00,1.00
2009.11.27 08:06:30.542,8.55235,8.55675,1.00,1.00
2009.11.27 08:06:37.291,8.55235,8.5571,1.60,1.60
2009.11.27 08:06:37.531,8.55235,8.5575,1.60,1.00
2009.11.27 08:06:37.821,8.55235,8.558,1.60,1.60
2009.11.27 08:07:20.320,8.5517,8.55705,1.00,1.60
2009.11.27 08:07:20.610,8.55025,8.55515,1.00,1.00
2009.11.27 08:07:20.840,8.55005,8.55515,1.70,1.00
2009.11.27 08:07:21.470,8.55005,8.5552,1.70,1.00
2009.11.27 08:07:26.109,8.55025,8.5542,1.70,5.20
2009.11.27 08:07:26.449,8.5495,8.5538,1.60,1.60
2009.11.27 08:07:26.749,8.54825,8.5538,1.60,1.60
2009.11.27 08:07:52.043,8.55065,8.5562,1.60,1.60
2009.11.27 08:08:08.009,8.54755,8.55255,1.00,1.60
2009.11.27 08:08:08.288,8.54705,8.55255,1.20,1.60
2009.11.27 08:08:08.518,8.54705,8.55255,1.00,1.60
2009.11.27 08:08:10.418,8.54795,8.55215,1.00,1.60
2009.11.27 08:08:12.238,8.5472,8.55215,1.60,1.60
2009.11.27 08:08:19.826,8.5481,8.5526,5.20,1.00
2009.11.27 08:08:20.056,8.5482,8.5526,1.60,1.00
2009.11.27 08:08:35.522,8.5482,8.5526,1.00,1.00
2009.11.27 08:08:36.822,8.5482,8.5526,1.60,1.00
2009.11.27 08:08:45.980,8.5481,8.5526,1.60,1.00
2009.11.27 08:08:49.219,8.54725,8.55205,1.00,1.00
2009.11.27 08:08:56.087,8.54675,8.55125,1.00,1.00
2009.11.27 08:08:58.717,8.54675,8.551,1.00,1.20
2009.11.27 08:08:59.066,8.54735,8.551,1.00,1.20
2009.11.27 08:09:01.196,8.54825,8.551,1.60,1.20
2009.11.27 08:09:04.105,8.5482,8.551,2.00,1.20
2009.11.27 08:09:04.265,8.54805,8.551,1.60,1.20
2009.11.27 08:09:13.823,8.5477,8.551,1.60,1.20
2009.11.27 08:09:13.993,8.54775,8.551,1.00,1.20
2009.11.27 08:09:17.932,8.5469,8.55105,1.00,2.00
2009.11.27 08:09:22.071,8.546,8.5506,1.60,1.00
2009.11.27 08:09:22.421,8.5458,8.5506,1.00,1.00
2009.11.27 08:09:24.070,8.5462,8.551,1.00,1.20
2009.11.27 08:09:27.600,8.5461,8.55075,1.00,1.00
2009.11.27 08:09:32.908,8.5456,8.55045,1.00,1.00
2009.11.27 08:09:41.706,8.54595,8.55045,1.60,1.00
2009.11.27 08:09:42.046,8.54595,8.551,1.60,1.20
2009.11.27 08:09:53.093,8.54625,8.551,1.00,1.20
2009.11.27 08:09:55.863,8.54625,8.55095,1.00,2.40
2009.11.27 08:09:56.133,8.54585,8.5507,1.00,1.00
2009.11.27 08:09:59.982,8.54725,8.551,1.00,1.20
2009.11.27 08:10:00.372,8.5483,8.551,1.00,1.20
2009.11.27 08:10:07.110,8.54665,8.5519,1.00,1.00
2009.11.27 08:10:09.220,8.5483,8.5525,1.60,1.00
2009.11.27 08:10:16.648,8.54855,8.55275,1.00,1.00
2009.11.27 08:10:18.267,8.5489,8.5534,2.40,1.00
2009.11.27 08:10:18.557,8.54915,8.5535,1.00,1.00
2009.11.27 08:10:18.827,8.54915,8.55375,1.00,1.00
2009.11.27 08:10:19.117,8.54975,8.55425,1.00,1.00
2009.11.27 08:10:19.527,8.55055,8.55425,1.00,1.00
2009.11.27 08:10:19.877,8.55055,8.552,1.00,1.00
2009.11.27 08:10:20.227,8.5491,8.552,1.00,1.00
2009.11.27 08:10:20.617,8.54955,8.552,1.00,1.00
2009.11.27 08:10:32.153,8.5495,8.5516,2.40,1.00
2009.11.27 08:10:32.494,8.54925,8.5516,1.00,1.00
2009.11.27 08:10:34.833,8.54625,8.5507,1.00,4.80
2009.11.27 08:10:35.183,8.545,8.5507,1.00,4.80
2009.11.27 08:10:35.523,8.545,8.5505,1.00,1.00
2009.11.27 08:10:36.652,8.5454,8.55,1.00,1.00
2009.11.27 08:10:41.751,8.5457,8.55,1.60,1.00
2009.11.27 08:10:42.391,8.5457,8.5497,1.60,1.00
2009.11.27 08:10:45.280,8.5457,8.5497,1.60,1.00
2009.11.27 08:10:51.159,8.54585,8.5497,1.00,1.00
2009.11.27 08:11:03.306,8.54535,8.5497,1.00,1.00
2009.11.27 08:11:16.483,8.5454,8.5497,5.20,1.00
2009.11.27 08:11:16.833,8.5468,8.5497,1.00,1.00
2009.11.27 08:11:19.522,8.54705,8.5497,2.40,1.00
2009.11.27 08:11:19.852,8.5473,8.5497,1.00,1.00
2009.11.27 08:11:25.361,8.54705,8.5497,3.30,1.00
2009.11.27 08:11:25.701,8.54705,8.5497,1.00,1.00
2009.11.27 08:11:25.991,8.547,8.5497,1.60,1.00
2009.11.27 08:11:26.560,8.5475,8.5497,1.00,1.00
2009.11.27 08:11:39.157,8.547,8.54925,1.60,1.00
2009.11.27 08:11:39.627,8.5449,8.54925,1.00,1.00
2009.11.27 08:12:23.327,8.54575,8.54925,1.00,1.00
2009.11.27 08:12:23.557,8.5448,8.54925,1.00,1.00
2009.11.27 08:12:34.184,8.54475,8.54925,1.00,1.00
2009.11.27 08:12:36.583,8.54425,8.54895,1.00,1.00
2009.11.27 08:12:37.203,8.54505,8.54925,1.00,1.00
2009.11.27 08:12:37.553,8.54505,8.5492,1.00,1.00
2009.11.27 08:12:38.473,8.5443,8.5469,1.00,5.20
2009.11.27 08:12:38.653,8.54425,8.5469,1.00,5.20
2009.11.27 08:12:38.883,8.5437,8.5469,1.60,6.80
2009.11.27 08:12:39.113,8.5437,8.5465,1.60,1.00
2009.11.27 08:12:39.803,8.5432,8.5465,1.60,6.80
2009.11.27 08:12:40.162,8.5414,8.5461,1.00,1.60
2009.11.27 08:12:40.503,8.54145,8.5456,2.40,1.00
2009.11.27 08:12:40.842,8.5418,8.5456,1.00,1.00
2009.11.27 08:12:46.021,8.542,8.5456,1.60,1.00
2009.11.27 08:12:50.460,8.5425,8.5456,1.00,1.00
2009.11.27 08:12:53.920,8.54275,8.5456,1.00,1.00
2009.11.27 08:12:56.859,8.5425,8.5456,1.50,1.00
2009.11.27 08:12:57.039,8.5425,8.5456,1.00,1.00
2009.11.27 08:13:00.088,8.54275,8.5456,1.00,1.00
2009.11.27 08:13:16.554,8.5425,8.5456,1.00,1.00
2009.11.27 08:13:16.724,8.54105,8.5456,1.00,1.00
2009.11.27 08:13:43.387,8.5408,8.5456,1.00,1.00
2009.11.27 08:13:49.526,8.53905,8.5424,1.00,1.60
2009.11.27 08:13:50.506,8.53905,8.5424,1.00,1.70
2009.11.27 08:13:52.855,8.53895,8.542,1.00,1.70
2009.11.27 08:13:53.195,8.53875,8.542,1.00,1.70
2009.11.27 08:13:55.075,8.53625,8.5413,1.00,1.60
2009.11.27 08:14:50.891,8.53715,8.542,1.00,2.20
2009.11.27 08:14:52.431,8.5371,8.54195,1.00,1.00
2009.11.27 08:14:52.701,8.5371,8.5415,1.00,1.60
2009.11.27 08:14:54.340,8.5373,8.5415,1.00,1.60
2009.11.27 08:14:54.690,8.5373,8.542,1.00,1.60
2009.11.27 08:14:56.650,8.5373,8.5413,1.00,1.60
2009.11.27 08:14:56.770,8.537,8.5413,1.60,1.60
2009.11.27 08:14:57.230,8.53605,8.5413,1.00,1.60
2009.11.27 08:15:02.009,8.53635,8.5412,1.00,1.00
2009.11.27 08:15:09.157,8.53625,8.541,1.00,1.00
2009.11.27 08:15:18.865,8.53625,8.54075,1.00,1.00
2009.11.27 08:15:26.823,8.53625,8.53995,1.00,1.00
2009.11.27 08:15:36.890,8.5343,8.53815,1.60,1.00
2009.11.27 08:15:37.750,8.53405,8.53815,1.00,1.00
2009.11.27 08:15:42.309,8.5335,8.53775,1.60,1.00
2009.11.27 08:15:42.809,8.5332,8.53775,1.00,1.00
2009.11.27 08:15:49.447,8.53405,8.53775,1.00,1.00
2009.11.27 08:16:19.730,8.53425,8.53765,1.00,1.60
2009.11.27 08:16:20.710,8.53515,8.53775,1.60,1.00
2009.11.27 08:16:20.990,8.53515,8.53895,1.60,1.60
2009.11.27 08:16:23.179,8.53525,8.53875,1.60,1.60
2009.11.27 08:16:24.129,8.53515,8.53875,1.60,1.60
2009.11.27 08:16:31.337,8.53525,8.53875,1.60,1.60
2009.11.27 08:16:52.842,8.53515,8.53875,1.60,1.60
2009.11.27 08:16:53.192,8.53525,8.53885,1.60,1.60
2009.11.27 08:17:04.399,8.53605,8.53965,1.00,1.60
2009.11.27 08:17:08.908,8.53685,8.54045,1.60,1.60
2009.11.27 08:17:11.517,8.53785,8.54075,1.60,1.00
2009.11.27 08:17:12.097,8.53785,8.54265,1.60,1.60
2009.11.27 08:17:13.227,8.53805,8.54255,1.60,1.60
2009.11.27 08:17:13.567,8.53805,8.54265,1.60,1.60
2009.11.27 08:17:15.187,8.53815,8.54265,1.60,1.60
2009.11.27 08:17:15.417,8.53805,8.54265,1.60,1.60
2009.11.27 08:17:16.006,8.53805,8.54255,1.60,1.60
2009.11.27 08:17:17.616,8.53805,8.54265,1.60,1.60
2009.11.27 08:17:18.306,8.53805,8.54255,1.60,1.60
2009.11.27 08:17:20.475,8.53805,8.54265,1.60,1.60
2009.11.27 08:17:20.815,8.53805,8.54255,1.60,1.60
2009.11.27 08:17:26.984,8.53815,8.54195,1.60,1.60
2009.11.27 08:17:27.104,8.53815,8.54195,1.60,2.20
2009.11.27 08:17:32.112,8.53745,8.54205,1.60,1.60
2009.11.27 08:17:36.381,8.53745,8.54195,1.60,1.60
2009.11.27 08:17:38.871,8.53825,8.54185,1.60,1.60
2009.11.27 08:17:47.239,8.53735,8.54095,1.60,1.60
2009.11.27 08:17:47.419,8.53735,8.54075,1.60,1.00
2009.11.27 08:18:30.498,8.53745,8.54075,1.60,1.00
2009.11.27 08:18:30.788,8.53735,8.54075,1.60,1.00
2009.11.27 08:18:32.638,8.53745,8.54075,1.60,1.00
2009.11.27 08:18:39.936,8.53735,8.54075,1.60,1.00
2009.11.27 08:18:40.226,8.53685,8.54065,1.60,1.60
2009.11.27 08:18:41.765,8.53655,8.54025,1.60,1.60
2009.11.27 08:18:44.045,8.53635,8.54005,1.60,1.60
2009.11.27 08:18:44.375,8.53625,8.53915,1.00,1.60
2009.11.27 08:18:44.615,8.5355,8.53915,1.00,1.60
2009.11.27 08:18:49.064,8.53565,8.53935,1.60,1.60
2009.11.27 08:18:58.182,8.53535,8.53885,1.00,1.60
2009.11.27 08:18:58.512,8.53515,8.53885,1.60,1.60
2009.11.27 08:19:01.291,8.5333,8.53745,2.30,1.60
2009.11.27 08:19:01.631,8.53705,8.5372,1.60,1.00
2009.11.27 08:19:01.971,8.5331,8.53855,2.40,1.00
2009.11.27 08:19:02.321,8.53705,8.539,1.60,1.60
2009.11.27 08:19:02.651,8.5348,8.5392,1.60,1.00
2009.11.27 08:19:03.040,8.53705,8.539,1.60,1.00
2009.11.27 08:19:03.730,8.5348,8.53855,1.60,1.60
2009.11.27 08:19:04.070,8.53375,8.53785,1.60,1.60
2009.11.27 08:19:04.310,8.53375,8.53775,1.60,1.60
2009.11.27 08:19:04.530,8.5331,8.53835,1.60,1.00
2009.11.27 08:19:04.750,8.53415,8.53775,1.60,1.60
2009.11.27 08:19:12.058,8.53545,8.5386,1.60,2.40
2009.11.27 08:19:12.409,8.53545,8.54035,1.60,2.20
2009.11.27 08:19:13.848,8.53575,8.53935,1.60,1.60
2009.11.27 08:19:15.897,8.53505,8.53865,1.60,1.60
2009.11.27 08:19:30.924,8.53475,8.53845,1.60,1.60
2009.11.27 08:19:31.264,8.53475,8.53825,1.60,1.00
2009.11.27 08:19:34.303,8.53405,8.53805,1.60,1.60
2009.11.27 08:19:42.601,8.53425,8.5381,1.60,1.60
2009.11.27 08:19:42.831,8.53485,8.5383,1.60,1.60
2009.11.27 08:19:43.071,8.53485,8.539,1.60,1.00
2009.11.27 08:19:43.231,8.53485,8.5393,1.60,1.60
2009.11.27 08:19:46.090,8.53505,8.5396,1.60,1.60
2009.11.27 08:20:36.208,8.53505,8.5387,1.60,5.20
2009.11.27 08:20:36.558,8.53425,8.53785,1.60,1.60
2009.11.27 08:20:37.368,8.53405,8.53795,1.60,1.60
2009.11.27 08:20:37.598,8.53445,8.5386,1.60,1.00
2009.11.27 08:20:37.938,8.53445,8.54075,1.60,1.60
2009.11.27 08:20:40.387,8.53475,8.54035,1.60,1.60
2009.11.27 08:20:42.227,8.53385,8.53785,1.60,1.60
2009.11.27 08:20:43.376,8.53475,8.5383,1.60,1.60
2009.11.27 08:20:43.726,8.53395,8.53755,1.60,1.60
2009.11.27 08:20:44.076,8.53475,8.54065,1.60,1.00
2009.11.27 08:20:55.724,8.53475,8.54025,1.60,2.20
2009.11.27 08:20:56.613,8.53715,8.5419,1.60,1.60
2009.11.27 08:20:56.943,8.53715,8.5422,1.60,1.00
2009.11.27 08:20:57.223,8.53735,8.54235,1.60,1.00
2009.11.27 08:20:57.513,8.53775,8.54235,1.60,1.00
2009.11.27 08:20:57.743,8.53775,8.54215,1.60,1.00
2009.11.27 08:21:03.002,8.53775,8.5392,1.60,5.20
2009.11.27 08:21:03.172,8.5331,8.54255,2.40,1.00
2009.11.27 08:21:03.572,8.5388,8.54185,1.00,1.00
2009.11.27 08:21:03.912,8.5369,8.54185,1.00,1.00
2009.11.27 08:21:04.251,8.53615,8.5415,1.60,2.40
2009.11.27 08:21:04.491,8.53615,8.54145,1.60,1.00
2009.11.27 08:21:12.740,8.53705,8.54145,1.60,1.00
2009.11.27 08:21:14.559,8.53705,8.5415,1.60,2.80
2009.11.27 08:21:16.559,8.53645,8.541,1.60,2.40
2009.11.27 08:21:16.909,8.53645,8.54095,1.60,1.00
2009.11.27 08:21:25.776,8.53645,8.541,1.60,2.80
2009.11.27 08:21:33.754,8.53765,8.541,1.60,2.40
2009.11.27 08:21:34.105,8.53765,8.54225,1.60,1.60
2009.11.27 08:21:41.202,8.53825,8.54175,1.60,1.00
2009.11.27 08:21:44.392,8.53815,8.5418,1.60,1.00
2009.11.27 08:21:44.742,8.53865,8.5423,1.60,1.60
2009.11.27 08:21:44.862,8.53865,8.54265,1.60,1.60
2009.11.27 08:21:45.032,8.53815,8.5428,1.60,1.60
2009.11.27 08:21:45.372,8.53865,8.54265,1.60,1.60
2009.11.27 08:21:56.669,8.53855,8.54265,1.60,1.60
2009.11.27 08:21:57.659,8.53675,8.54085,1.60,1.60
2009.11.27 08:22:00.818,8.53685,8.54045,1.60,1.60
2009.11.27 08:22:03.707,8.53685,8.54055,1.60,1.60
2009.11.27 08:22:12.445,8.53695,8.54045,1.60,1.60
2009.11.27 08:22:12.665,8.53965,8.5439,1.60,1.00
2009.11.27 08:22:13.945,8.54015,8.5435,1.60,1.00
2009.11.27 08:22:17.164,8.54105,8.54355,1.60,1.00
2009.11.27 08:22:17.334,8.54105,8.544,1.60,1.00
2009.11.27 08:22:17.504,8.54105,8.54455,1.60,1.60
2009.11.27 08:22:21.053,8.54085,8.54445,1.60,1.60
2009.11.27 08:22:21.553,8.54005,8.54355,1.60,1.60
2009.11.27 08:22:22.003,8.54005,8.5435,1.60,1.00
2009.11.27 08:22:23.193,8.54,8.5435,1.00,1.00
2009.11.27 08:22:25.372,8.54075,8.5435,1.60,1.00
2009.11.27 08:22:25.652,8.54075,8.54445,1.60,1.60
2009.11.27 08:22:26.732,8.54085,8.54445,1.60,1.60
2009.11.27 08:22:34.260,8.54075,8.54445,1.60,1.60
2009.11.27 08:22:38.539,8.54085,8.54445,1.60,1.60
2009.11.27 08:22:42.178,8.54035,8.54395,1.60,1.60
2009.11.27 08:22:42.298,8.54035,8.54375,1.60,1.00
2009.11.27 08:22:43.047,8.54025,8.54365,1.00,1.60
2009.11.27 08:22:43.167,8.54005,8.5435,1.60,1.00
2009.11.27 08:22:47.776,8.54005,8.54365,1.60,1.60
2009.11.27 08:22:47.896,8.54025,8.54375,2.40,1.00
2009.11.27 08:22:52.925,8.54085,8.54445,1.60,2.20
2009.11.27 08:22:53.105,8.54025,8.54445,3.30,1.60
2009.11.27 08:22:59.913,8.54025,8.54375,1.00,1.60
2009.11.27 08:23:00.024,8.54025,8.54375,1.00,2.40
2009.11.27 08:23:10.571,8.54025,8.54375,2.40,2.40
2009.11.27 08:23:11.261,8.54085,8.54375,1.60,1.00
2009.11.27 08:23:11.551,8.54085,8.54445,1.60,1.60
2009.11.27 08:23:25.057,8.5393,8.54365,1.00,1.60
2009.11.27 08:23:25.288,8.53785,8.54365,1.60,1.60
2009.11.27 08:23:28.607,8.53975,8.54345,1.60,1.60
2009.11.27 08:23:30.646,8.53975,8.54325,1.60,1.60
2009.11.27 08:23:30.936,8.53955,8.54305,1.60,1.60
2009.11.27 08:23:32.506,8.53905,8.54225,1.00,1.60
2009.11.27 08:23:32.676,8.53725,8.54225,1.60,1.60
2009.11.27 08:23:35.615,8.53825,8.54195,1.60,1.60
2009.11.27 08:23:41.614,8.53845,8.5415,1.60,1.60
2009.11.27 08:23:42.183,8.53715,8.54095,1.60,1.60
2009.11.27 08:23:44.873,8.53825,8.5415,1.60,1.60
2009.11.27 08:23:45.173,8.53825,8.54195,1.60,1.60
2009.11.27 08:23:46.542,8.5366,8.54055,1.00,1.60
2009.11.27 08:23:48.382,8.53725,8.5405,1.60,1.60
2009.11.27 08:23:49.062,8.53725,8.54075,1.60,1.60
2009.11.27 08:23:50.231,8.53725,8.54075,2.40,1.60
2009.11.27 08:23:56.380,8.53725,8.54075,2.40,2.40
2009.11.27 08:24:13.076,8.53725,8.54075,2.40,1.00
2009.11.27 08:24:18.155,8.53725,8.54075,1.00,2.40
2009.11.27 08:24:23.404,8.53725,8.54065,1.00,1.60
2009.11.27 08:24:28.672,8.53795,8.54075,1.60,1.00
2009.11.27 08:24:29.242,8.53795,8.54145,1.60,1.60
2009.11.27 08:24:29.592,8.53725,8.54065,1.00,1.60
2009.11.27 08:24:31.092,8.53795,8.54145,1.60,1.60
2009.11.27 08:24:31.382,8.53755,8.54065,1.00,1.60
2009.11.27 08:24:31.781,8.53795,8.54075,1.60,1.00
2009.11.27 08:24:32.081,8.53725,8.54065,1.00,1.60
2009.11.27 08:24:32.411,8.53725,8.54075,2.40,1.00
2009.11.27 08:24:32.691,8.53725,8.54065,1.00,1.60
2009.11.27 08:24:33.661,8.53795,8.54145,1.60,1.60
2009.11.27 08:24:34.001,8.5376,8.54065,1.00,1.60
2009.11.27 08:24:34.411,8.53795,8.54145,1.60,1.60
2009.11.27 08:24:34.641,8.53765,8.54065,1.00,1.60
2009.11.27 08:24:35.091,8.53795,8.54145,1.60,1.60
2009.11.27 08:24:35.371,8.53725,8.54065,1.00,1.60
2009.11.27 08:24:35.711,8.53765,8.54065,1.00,1.60
2009.11.27 08:24:36.300,8.53785,8.5415,1.60,1.60
2009.11.27 08:24:36.651,8.53725,8.54075,1.00,2.40
2009.11.27 08:24:36.990,8.53785,8.54075,1.60,1.00
2009.11.27 08:24:37.320,8.53785,8.54155,1.60,1.60
2009.11.27 08:24:37.600,8.53765,8.54075,1.00,2.40
2009.11.27 08:24:37.990,8.53765,8.54075,1.00,1.60
2009.11.27 08:24:38.280,8.53785,8.54155,1.60,1.60
2009.11.27 08:24:38.660,8.53785,8.54075,1.60,1.00
2009.11.27 08:24:38.950,8.53765,8.54075,1.00,1.60
2009.11.27 08:24:39.180,8.53725,8.54075,1.00,2.40
2009.11.27 08:24:39.460,8.53765,8.54075,1.00,1.60
2009.11.27 08:24:39.759,8.53785,8.5415,1.60,1.60
2009.11.27 08:24:40.050,8.53765,8.54075,1.00,2.40
2009.11.27 08:24:40.279,8.53725,8.54075,1.00,2.40
2009.11.27 08:24:41.189,8.53785,8.54075,1.60,1.00
2009.11.27 08:24:41.549,8.53725,8.54075,1.00,2.40
2009.11.27 08:24:44.008,8.53785,8.5415,1.60,1.60
2009.11.27 08:24:44.368,8.53725,8.54075,1.00,2.40
2009.11.27 08:24:45.168,8.53785,8.54075,1.60,1.00
2009.11.27 08:24:45.338,8.53785,8.5415,1.60,2.20
2009.11.27 08:24:45.448,8.53785,8.54075,1.60,1.00
2009.11.27 08:24:45.558,8.53765,8.54075,1.00,2.40
2009.11.27 08:24:45.608,8.53725,8.54075,1.00,2.40
2009.11.27 08:24:46.128,8.53785,8.54155,1.60,1.60
2009.11.27 08:24:47.568,8.53765,8.54075,1.00,2.40
2009.11.27 08:24:47.918,8.53725,8.54075,1.00,2.40
2009.11.27 08:24:48.487,8.53785,8.5415,1.60,1.60
2009.11.27 08:24:48.667,8.53785,8.54155,1.60,1.60
2009.11.27 08:24:48.897,8.53725,8.54075,1.00,2.40
2009.11.27 08:24:49.407,8.53785,8.54155,1.60,1.60
2009.11.27 08:24:50.527,8.53725,8.54075,1.00,2.40
2009.11.27 08:25:14.781,8.5374,8.54075,2.40,2.40
2009.11.27 08:25:15.122,8.53785,8.54145,1.60,1.60
2009.11.27 08:25:45.044,8.53785,8.54155,1.60,1.60
2009.11.27 08:25:49.373,8.53775,8.54135,1.60,1.60
2009.11.27 08:25:54.172,8.53745,8.54105,1.60,1.60
2009.11.27 08:25:57.951,8.53725,8.54075,1.00,1.60
2009.11.27 08:25:58.301,8.53725,8.54075,1.00,2.40
2009.11.27 08:25:59.850,8.53765,8.54125,1.60,2.40
2009.11.27 08:26:00.840,8.5363,8.53995,1.00,1.60
2009.11.27 08:26:01.120,8.53595,8.53995,1.60,1.60
2009.11.27 08:26:02.139,8.53625,8.54005,1.60,1.60
2009.11.27 08:26:02.771,8.53675,8.54035,1.60,1.60
2009.11.27 08:26:07.009,8.53725,8.54075,1.60,1.00
2009.11.27 08:26:07.298,8.53725,8.54085,1.60,1.60
2009.11.27 08:26:07.588,8.53835,8.5415,1.60,1.60
2009.11.27 08:26:08.048,8.53835,8.54215,1.60,1.60
2009.11.27 08:26:08.578,8.53875,8.54235,1.60,1.60
2009.11.27 08:26:11.797,8.53965,8.54385,1.60,1.60
2009.11.27 08:26:18.076,8.53935,8.54305,1.60,2.20
2009.11.27 08:26:19.877,8.53935,8.54295,1.60,1.60
2009.11.27 08:26:21.285,8.53935,8.54305,1.60,2.20
2009.11.27 08:26:24.165,8.53985,8.54305,1.60,1.00
2009.11.27 08:26:24.524,8.53985,8.54375,1.60,2.20
2009.11.27 08:26:26.864,8.53895,8.5426,1.60,1.00
2009.11.27 08:26:37.651,8.53855,8.54205,1.60,1.00
2009.11.27 08:26:38.551,8.53865,8.54205,1.60,1.00
2009.11.27 08:26:45.439,8.53705,8.54095,1.60,1.00
2009.11.27 08:26:48.909,8.53675,8.53875,1.00,1.60
2009.11.27 08:26:49.198,8.53435,8.53865,1.60,1.00
2009.11.27 08:26:53.677,8.53555,8.53955,1.60,1.60
2009.11.27 08:26:57.766,8.53565,8.53935,1.60,1.60
2009.11.27 08:26:58.566,8.53575,8.53935,1.60,1.60
2009.11.27 08:27:07.224,8.53445,8.53845,1.60,2.40
2009.11.27 08:27:08.254,8.53465,8.53825,1.60,1.00
2009.11.27 08:27:12.093,8.53465,8.53825,1.60,2.40
2009.11.27 08:27:18.481,8.53555,8.53825,1.60,1.00
2009.11.27 08:27:18.642,8.5346,8.539,2.50,1.60
2009.11.27 08:27:18.701,8.53555,8.53935,1.60,1.60
2009.11.27 08:27:36.847,8.53545,8.53905,1.60,1.60
2009.11.27 08:27:39.336,8.53635,8.54,1.60,1.00
2009.11.27 08:27:42.415,8.53655,8.5398,1.60,1.60
2009.11.27 08:27:42.695,8.536,8.53845,1.60,2.40
2009.11.27 08:27:42.925,8.53445,8.53845,1.60,2.40
2009.11.27 08:28:01.591,8.5354,8.53825,5.20,2.40
2009.11.27 08:28:01.921,8.53705,8.539,1.60,1.60
2009.11.27 08:28:02.270,8.53705,8.5414,1.60,1.00
2009.11.27 08:28:03.030,8.537,8.53965,6.40,1.60
2009.11.27 08:28:03.250,8.5368,8.53965,1.00,1.60
2009.11.27 08:28:05.520,8.53545,8.53925,1.60,1.60
2009.11.27 08:28:05.680,8.53715,8.54185,1.60,1.60
2009.11.27 08:28:07.750,8.53825,8.54185,1.60,1.60
2009.11.27 08:28:09.849,8.53825,8.54195,1.60,1.60
2009.11.27 08:28:10.828,8.53845,8.54205,1.60,1.60
2009.11.27 08:28:18.007,8.53815,8.54175,1.60,2.40
2009.11.27 08:28:20.386,8.53815,8.54165,1.60,1.60
2009.11.27 08:28:33.353,8.53885,8.54235,1.60,1.60
2009.11.27 08:28:37.212,8.53885,8.54245,1.60,1.60
2009.11.27 08:28:51.949,8.53925,8.54285,2.40,1.60
2009.11.27 08:28:53.038,8.53845,8.54205,1.60,1.60
2009.11.27 08:28:54.198,8.53805,8.54165,1.60,1.60
2009.11.27 08:29:04.186,8.53805,8.54155,1.60,1.60
2009.11.27 08:29:20.272,8.53755,8.54105,1.60,1.60
2009.11.27 08:29:30.429,8.53755,8.541,1.60,1.00
2009.11.27 08:29:30.769,8.53725,8.54075,2.40,2.40
2009.11.27 08:29:42.257,8.53805,8.54075,1.60,1.00
2009.11.27 08:29:42.596,8.53805,8.54155,1.60,1.60
2009.11.27 08:29:49.485,8.53725,8.53995,1.00,1.60
2009.11.27 08:29:49.765,8.5365,8.53995,4.00,1.60
2009.11.27 08:29:50.054,8.53625,8.53995,1.60,1.60
2009.11.27 08:29:50.284,8.5378,8.54165,1.00,1.60
2009.11.27 08:29:53.014,8.53835,8.54175,1.60,1.00
2009.11.27 08:29:53.074,8.5385,8.54175,1.00,1.00
2009.11.27 08:29:53.194,8.5385,8.54195,1.00,1.60
2009.11.27 08:29:57.973,8.539,8.542,1.00,1.00
2009.11.27 08:30:00.042,8.53935,8.542,1.60,1.00
2009.11.27 08:30:00.382,8.53935,8.54255,1.60,1.00
2009.11.27 08:30:00.962,8.53935,8.54285,1.60,1.60
2009.11.27 08:30:03.391,8.53925,8.54235,1.00,1.60
2009.11.27 08:30:03.501,8.539,8.542,1.00,1.00
2009.11.27 08:30:12.039,8.53735,8.54085,1.60,1.60
2009.11.27 08:30:13.629,8.53585,8.54005,1.60,1.60
2009.11.27 08:30:16.678,8.53595,8.53955,1.60,1.60
2009.11.27 08:30:22.937,8.53685,8.54045,1.60,1.60
2009.11.27 08:30:27.696,8.53775,8.54075,1.60,1.00
2009.11.27 08:30:28.035,8.53775,8.54135,1.60,1.60
2009.11.27 08:30:30.665,8.53815,8.54175,1.60,1.60
2009.11.27 08:30:31.754,8.53725,8.54085,1.60,1.60
2009.11.27 08:30:33.844,8.53815,8.54145,1.60,1.00
2009.11.27 08:30:37.813,8.53775,8.54135,1.60,1.60
2009.11.27 08:30:42.112,8.5385,8.54115,1.00,1.60
2009.11.27 08:30:42.462,8.5385,8.5415,1.00,1.00
2009.11.27 08:30:44.081,8.5385,8.54115,1.00,1.60
2009.11.27 08:30:44.411,8.5385,8.54125,1.00,1.00
2009.11.27 08:30:44.811,8.5385,8.541,1.00,1.00
2009.11.27 08:30:45.151,8.53785,8.5395,1.60,1.60
2009.11.27 08:30:45.491,8.53465,8.5395,1.60,1.60
2009.11.27 08:30:45.831,8.53445,8.5393,1.60,1.00
2009.11.27 08:30:46.561,8.53525,8.5391,1.60,1.00
2009.11.27 08:30:48.660,8.53525,8.5395,1.60,1.00
2009.11.27 08:30:50.840,8.53525,8.5396,1.60,1.00
2009.11.27 08:30:51.130,8.53525,8.5395,1.60,1.00
2009.11.27 08:30:54.819,8.53725,8.5407,1.60,1.00
2009.11.27 08:30:55.169,8.53725,8.54145,1.60,2.40
2009.11.27 08:31:06.346,8.53835,8.54125,1.60,1.00
2009.11.27 08:31:06.516,8.53835,8.54165,1.60,1.00
2009.11.27 08:31:06.876,8.5386,8.54165,1.00,1.00
2009.11.27 08:31:08.806,8.5386,8.54115,1.00,1.60
2009.11.27 08:31:09.196,8.53735,8.54115,1.60,1.60
2009.11.27 08:31:09.606,8.53805,8.54125,1.60,1.00
2009.11.27 08:31:09.955,8.53735,8.54125,1.60,2.40
2009.11.27 08:31:20.583,8.53755,8.54115,1.60,2.40
2009.11.27 08:31:20.813,8.53725,8.54075,2.40,1.00
2009.11.27 08:31:26.121,8.53725,8.53975,1.00,1.60
2009.11.27 08:31:26.471,8.5359,8.53975,1.00,1.60
2009.11.27 08:31:26.641,8.53585,8.53975,1.00,1.60
2009.11.27 08:31:27.001,8.53675,8.54075,1.60,1.60
2009.11.27 08:31:27.341,8.53585,8.53975,1.00,1.60
2009.11.27 08:31:28.261,8.53695,8.54075,1.60,1.60
2009.11.27 08:31:28.531,8.5371,8.53975,1.00,1.60
2009.11.27 08:31:28.821,8.5371,8.54085,1.00,1.60
2009.11.27 08:31:33.780,8.53655,8.53975,1.00,1.60
2009.11.27 08:31:34.129,8.53615,8.53975,1.60,1.60
2009.11.27 08:31:43.287,8.53615,8.53985,1.60,1.60
2009.11.27 08:32:17.929,8.53585,8.53905,1.00,1.60
2009.11.27 08:32:18.209,8.53535,8.53875,1.60,1.00
2009.11.27 08:32:19.639,8.53525,8.5378,1.00,1.60
2009.11.27 08:32:19.978,8.53265,8.5378,1.60,1.60
2009.11.27 08:32:29.056,8.53385,8.53755,1.60,1.60
2009.11.27 08:32:30.746,8.53435,8.53805,1.60,1.60
2009.11.27 08:32:31.216,8.53445,8.53805,1.60,1.60
2009.11.27 08:32:33.525,8.53465,8.53825,1.60,1.60
2009.11.27 08:32:44.113,8.53455,8.53825,1.60,1.60
2009.11.27 08:32:44.282,8.53455,8.53815,1.60,1.60
2009.11.27 08:32:48.232,8.53455,8.53805,1.60,1.60
2009.11.27 08:32:59.699,8.53505,8.53855,1.60,1.60
2009.11.27 08:33:00.059,8.53525,8.53855,1.60,1.60
2009.11.27 08:33:01.989,8.53525,8.53865,1.60,1.60
2009.11.27 08:33:05.967,8.53525,8.53855,1.60,1.60
2009.11.27 08:33:19.614,8.53585,8.53935,1.60,1.60
2009.11.27 08:33:23.224,8.53565,8.53915,1.60,1.60
2009.11.27 08:33:53.256,8.53485,8.53795,1.00,1.00
2009.11.27 08:33:53.366,8.53435,8.53795,1.60,1.00
2009.11.27 08:33:58.615,8.53425,8.53685,1.00,1.60
2009.11.27 08:33:58.785,8.53215,8.53685,1.60,1.60
2009.11.27 08:34:03.114,8.53235,8.53655,1.60,1.60
2009.11.27 08:34:13.691,8.53295,8.53645,1.60,1.60
2009.11.27 08:34:23.859,8.53295,8.53655,1.60,1.60
2009.11.27 08:34:26.478,8.53295,8.53645,1.60,1.60
2009.11.27 08:34:31.227,8.53265,8.53615,1.60,1.60
2009.11.27 08:34:37.995,8.53215,8.53565,1.60,1.60
2009.11.27 08:34:38.335,8.53185,8.53535,1.60,1.60
2009.11.27 08:34:41.114,8.53235,8.53605,1.60,2.20
2009.11.27 08:34:43.374,8.53225,8.53605,1.60,2.20
2009.11.27 08:34:44.924,8.53235,8.53675,1.60,2.40
2009.11.27 08:34:45.274,8.53235,8.53745,1.60,1.60
2009.11.27 08:34:46.753,8.53245,8.53745,1.60,1.60
2009.11.27 08:34:51.752,8.53315,8.53715,1.60,1.60
2009.11.27 08:34:51.992,8.53265,8.53695,1.60,1.60
2009.11.27 08:34:53.352,8.53255,8.53695,1.60,1.60
2009.11.27 08:35:00.400,8.53265,8.53695,1.60,1.60
2009.11.27 08:35:02.510,8.53255,8.53685,1.60,1.60
2009.11.27 08:35:08.158,8.53265,8.53695,1.60,1.60
2009.11.27 08:35:08.458,8.53255,8.53685,1.60,1.60
2009.11.27 08:35:11.087,8.53265,8.53695,1.60,1.60
2009.11.27 08:35:25.294,8.53195,8.53725,1.60,1.60
2009.11.27 08:35:37.701,8.53185,8.53715,1.60,1.60
2009.11.27 08:35:45.979,8.53195,8.53635,1.60,1.60
2009.11.27 08:35:57.966,8.53195,8.53625,1.60,1.00
2009.11.27 08:35:58.306,8.53125,8.53525,1.60,1.60
2009.11.27 08:36:02.715,8.5278,8.53335,1.00,1.60
2009.11.27 08:36:03.005,8.5266,8.53335,1.00,1.60
2009.11.27 08:36:06.204,8.527,8.53245,1.00,1.60
2009.11.27 08:36:06.555,8.52665,8.53245,1.60,1.60
2009.11.27 08:36:15.192,8.52675,8.53255,1.60,1.60
2009.11.27 08:36:17.401,8.52665,8.53255,1.60,1.60
2009.11.27 08:36:21.630,8.52675,8.53255,1.60,1.60
2009.11.27 08:36:24.320,8.52685,8.53235,1.60,1.60
2009.11.27 08:36:38.996,8.52695,8.53235,1.60,1.60
2009.11.27 08:36:40.186,8.52695,8.53225,1.60,1.60
2009.11.27 08:36:43.665,8.52685,8.53235,1.60,1.60
2009.11.27 08:36:49.654,8.52675,8.53235,1.60,1.60
2009.11.27 08:36:52.323,8.526,8.52935,2.40,1.60
2009.11.27 08:36:52.383,8.52605,8.52935,2.40,1.60
2009.11.27 08:36:52.733,8.52575,8.52935,2.40,1.60
2009.11.27 08:37:00.981,8.52575,8.52915,2.40,1.60
2009.11.27 08:37:01.201,8.5255,8.52915,2.40,1.60
2009.11.27 08:37:01.980,8.5255,8.52955,2.40,1.60
2009.11.27 08:37:02.310,8.526,8.52955,2.40,1.60
2009.11.27 08:37:03.651,8.526,8.52965,2.40,1.60
2009.11.27 08:37:25.875,8.5267,8.53015,1.60,1.60
2009.11.27 08:37:29.144,8.5267,8.53025,1.60,1.60
2009.11.27 08:37:49.659,8.5265,8.52905,2.40,1.60
2009.11.27 08:37:50.059,8.52565,8.52905,1.00,1.60
2009.11.27 08:37:50.469,8.52565,8.52895,1.00,1.60
2009.11.27 08:37:54.928,8.52435,8.52835,1.60,1.60
2009.11.27 08:37:55.208,8.5243,8.52825,1.00,1.60
2009.11.27 08:37:55.558,8.52435,8.52835,1.60,1.60
2009.11.27 08:38:00.107,8.52525,8.52835,1.00,1.60
2009.11.27 08:38:00.467,8.52525,8.52905,3.20,1.60
2009.11.27 08:38:04.566,8.52535,8.52915,1.60,1.60
2009.11.27 08:38:06.225,8.52525,8.52915,3.20,1.60
2009.11.27 08:38:06.965,8.52525,8.52905,3.20,1.60
2009.11.27 08:38:10.734,8.52525,8.52895,1.60,1.60
2009.11.27 08:38:11.084,8.52525,8.52905,1.60,1.60
2009.11.27 08:38:11.384,8.52525,8.52895,1.60,1.60
2009.11.27 08:38:16.683,8.52685,8.53025,1.60,1.00
2009.11.27 08:38:16.853,8.52685,8.5305,1.60,2.40
2009.11.27 08:38:17.023,8.52685,8.5317,1.60,1.00
2009.11.27 08:38:17.202,8.526,8.53225,3.20,1.60
2009.11.27 08:38:20.304,8.52885,8.53205,1.00,1.60
2009.11.27 08:38:20.652,8.52885,8.53285,1.00,1.60
2009.11.27 08:38:28.220,8.53285,8.53585,1.00,1.00
2009.11.27 08:38:28.560,8.5321,8.53515,3.20,1.60
2009.11.27 08:38:28.840,8.53055,8.53515,1.60,1.60
2009.11.27 08:38:31.359,8.53025,8.53405,1.60,1.60
2009.11.27 08:38:34.218,8.53105,8.53465,1.60,1.60
2009.11.27 08:38:35.238,8.53125,8.53365,1.60,1.60
2009.11.27 08:38:35.408,8.5305,8.53365,1.60,1.60
2009.11.27 08:38:35.738,8.52965,8.53365,1.60,1.60
2009.11.27 08:38:41.117,8.53055,8.53345,4.00,1.60
2009.11.27 08:38:41.457,8.53105,8.53435,1.60,1.60
2009.11.27 08:38:43.306,8.53135,8.53515,1.60,1.60
2009.11.27 08:38:52.614,8.53145,8.53525,1.60,1.60
2009.11.27 08:38:53.574,8.53135,8.53515,1.60,1.60
2009.11.27 08:38:58.305,8.53125,8.53475,1.60,2.40
2009.11.27 08:39:00.812,8.53135,8.53475,1.60,1.00
2009.11.27 08:39:01.152,8.53135,8.53515,1.60,1.60
2009.11.27 08:39:31.205,8.53125,8.53505,3.20,1.60
2009.11.27 08:39:35.684,8.53135,8.53515,1.60,1.60
2009.11.27 08:39:42.142,8.53125,8.53515,3.20,1.60
2009.11.27 08:39:43.642,8.53125,8.53505,3.20,1.60
2009.11.27 08:39:49.290,8.5316,8.53505,5.20,1.60
2009.11.27 08:39:49.511,8.53245,8.53715,1.60,1.60
2009.11.27 08:39:59.208,8.53345,8.53725,1.60,1.60
2009.11.27 08:39:59.388,8.5335,8.53725,1.00,1.60
2009.11.27 08:40:02.087,8.53325,8.53685,1.60,1.60
2009.11.27 08:40:17.284,8.53325,8.53695,1.60,1.60
2009.11.27 08:40:17.734,8.53325,8.53665,1.60,1.60
2009.11.27 08:40:22.882,8.53325,8.53655,1.60,1.60
2009.11.27 08:40:26.042,8.53405,8.5375,1.60,1.00
2009.11.27 08:40:26.391,8.53405,8.53805,1.60,1.60
2009.11.27 08:40:31.000,8.53395,8.53775,1.60,1.60
2009.11.27 08:40:31.450,8.53425,8.53805,1.60,1.60
2009.11.27 08:40:31.630,8.53425,8.53805,3.20,1.60
2009.11.27 08:40:34.099,8.53425,8.53795,1.60,1.60
2009.11.27 08:40:45.847,8.53425,8.53805,3.20,1.60
2009.11.27 08:40:49.716,8.53425,8.53805,1.60,1.60
2009.11.27 08:40:54.625,8.53425,8.53785,1.60,1.60
2009.11.27 08:40:58.484,8.53305,8.53695,1.60,1.60
2009.11.27 08:42:00.689,8.53325,8.53705,3.20,1.60
2009.11.27 08:42:05.258,8.53325,8.53695,1.60,1.60
2009.11.27 08:42:08.687,8.53285,8.53645,1.60,1.60
2009.11.27 08:42:13.356,8.53355,8.53735,1.60,2.20
2009.11.27 08:42:13.705,8.53425,8.53735,1.60,1.60
2009.11.27 08:42:16.505,8.5335,8.53675,1.00,1.60
2009.11.27 08:42:16.855,8.53295,8.53675,1.60,1.60
2009.11.27 08:42:19.004,8.53405,8.53745,1.60,1.60
2009.11.27 08:42:22.154,8.53425,8.53745,1.00,1.60
2009.11.27 08:42:22.443,8.53275,8.53675,1.60,1.60
2009.11.27 08:42:23.373,8.53405,8.53745,1.60,1.60
2009.11.27 08:42:24.813,8.53425,8.53735,1.60,1.60
2009.11.27 08:42:53.536,8.53285,8.53675,2.40,1.60
2009.11.27 08:42:53.886,8.53275,8.53675,2.50,1.60
2009.11.27 08:42:57.665,8.53405,8.53735,1.60,1.60
2009.11.27 08:43:20.190,8.53425,8.53725,1.60,1.60
2009.11.27 08:43:20.479,8.53425,8.53725,1.00,1.60
2009.11.27 08:43:32.237,8.534,8.53665,1.00,1.60
2009.11.27 08:43:32.537,8.5335,8.53665,1.00,1.60
2009.11.27 08:43:32.647,8.53295,8.53665,1.00,1.60
2009.11.27 08:43:38.465,8.53345,8.53725,1.60,1.60
2009.11.27 08:43:38.705,8.53425,8.53725,1.60,1.60
2009.11.27 08:43:40.834,8.5335,8.53665,1.00,1.60
2009.11.27 08:43:41.365,8.53295,8.53665,1.00,1.60
2009.11.27 08:43:43.634,8.53295,8.53675,2.50,1.60
2009.11.27 08:43:44.364,8.53295,8.53665,1.00,1.60
2009.11.27 08:43:44.664,8.53285,8.53665,3.20,1.60
2009.11.27 08:43:45.063,8.53405,8.53725,1.00,1.00
2009.11.27 08:43:45.234,8.53405,8.53735,1.00,1.60
2009.11.27 08:43:45.913,8.5338,8.53735,1.00,1.60
2009.11.27 08:43:46.133,8.5335,8.53665,1.00,1.60
2009.11.27 08:43:46.713,8.53285,8.53665,3.20,1.60
2009.11.27 08:43:48.483,8.53285,8.53585,1.60,1.60
2009.11.27 08:43:48.823,8.53285,8.53585,1.00,1.60
2009.11.27 08:43:51.972,8.53405,8.53765,1.60,1.60
2009.11.27 08:43:53.551,8.53425,8.53775,1.00,2.40
2009.11.27 08:43:53.831,8.5328,8.53675,1.00,1.60
2009.11.27 08:44:08.068,8.533,8.53585,1.00,1.60
2009.11.27 08:44:08.358,8.53285,8.53585,1.00,1.60
2009.11.27 08:44:14.117,8.5313,8.53495,1.00,1.60
2009.11.27 08:44:37.751,8.5315,8.53465,1.00,1.60
2009.11.27 08:44:43.589,8.53125,8.53425,2.40,1.60
2009.11.27 08:44:43.889,8.53045,8.53425,2.50,1.60
2009.11.27 08:44:47.518,8.53045,8.53305,1.00,1.60
2009.11.27 08:44:47.688,8.52905,8.53295,1.60,1.00
2009.11.27 08:45:46.015,8.52925,8.53275,1.00,1.00
2009.11.27 08:45:59.001,8.52725,8.53145,1.60,1.60
2009.11.27 08:46:20.916,8.5274,8.53045,1.00,1.60
2009.11.27 08:46:21.206,8.52665,8.53045,1.60,1.60
2009.11.27 08:46:24.815,8.52905,8.53125,1.00,1.60
2009.11.27 08:46:24.865,8.52905,8.53265,1.00,1.60
2009.11.27 08:46:31.234,8.52905,8.53265,1.00,1.60
2009.11.27 08:46:33.593,8.52925,8.53155,1.00,1.60
2009.11.27 08:46:33.873,8.5285,8.53155,1.60,1.60
2009.11.27 08:46:34.163,8.52725,8.53155,1.60,1.60
2009.11.27 08:46:36.222,8.52785,8.53165,1.60,1.60
2009.11.27 08:46:37.902,8.52865,8.53245,1.60,1.60
2009.11.27 08:46:38.132,8.52925,8.53245,1.60,1.60
2009.11.27 08:46:46.260,8.5285,8.53165,1.60,1.60
2009.11.27 08:46:46.610,8.52785,8.53165,1.60,1.60
2009.11.27 08:46:49.739,8.52915,8.5332,1.60,1.00
2009.11.27 08:46:49.969,8.52915,8.53345,1.60,1.60
2009.11.27 08:46:52.688,8.52975,8.53355,1.60,1.60
2009.11.27 08:47:27.760,8.53165,8.5343,1.60,1.00
2009.11.27 08:47:27.990,8.53165,8.5367,1.60,1.00
2009.11.27 08:47:38.328,8.53265,8.53655,1.60,1.60
2009.11.27 08:47:39.917,8.53265,8.53645,1.60,1.60
2009.11.27 08:47:49.595,8.53265,8.53625,1.60,1.00
2009.11.27 08:47:49.835,8.53185,8.53565,1.60,1.60
2009.11.27 08:49:28.701,8.53175,8.53435,1.00,1.60
2009.11.27 08:49:28.980,8.5304,8.53435,1.00,1.60
2009.11.27 08:49:29.211,8.53015,8.53435,1.00,1.60
2009.11.27 08:49:29.481,8.53015,8.53425,1.00,1.60
2009.11.27 08:50:20.918,8.52935,8.53315,1.60,1.60
2009.11.27 08:50:21.738,8.5293,8.53195,1.00,1.60
2009.11.27 08:50:21.968,8.528,8.53195,1.00,1.60
2009.11.27 08:50:40.495,8.5282,8.53245,1.00,1.60
2009.11.27 08:50:40.664,8.52795,8.53245,1.60,1.60
2009.11.27 08:50:44.253,8.52715,8.53245,1.60,1.60
2009.11.27 08:50:54.420,8.52715,8.53115,1.60,1.60
2009.11.27 08:51:09.046,8.52705,8.53085,1.60,1.60
2009.11.27 08:51:10.836,8.52755,8.53165,1.60,2.40
2009.11.27 08:51:11.066,8.5288,8.53425,2.40,1.60
2009.11.27 08:51:17.865,8.529,8.53395,2.40,1.60
2009.11.27 08:51:38.790,8.529,8.53405,2.40,1.60
2009.11.27 08:51:52.536,8.52875,8.53375,4.80,1.60
2009.11.27 08:51:52.876,8.52875,8.53375,2.40,1.60
2009.11.27 08:52:07.882,8.5287,8.53375,1.60,1.60
2009.11.27 08:52:18.030,8.52875,8.53375,2.40,1.60
2009.11.27 08:53:18.115,8.5287,8.53375,1.60,1.60
2009.11.27 08:53:31.183,8.5298,8.53395,1.60,1.60
2009.11.27 08:53:56.866,8.5302,8.53405,1.60,1.60
2009.11.27 08:54:07.514,8.5302,8.53385,1.60,1.60
2009.11.27 08:54:07.794,8.53,8.53385,1.60,1.60
2009.11.27 08:54:09.503,8.53,8.53305,1.60,1.60
2009.11.27 08:54:09.673,8.52975,8.53305,2.40,1.60
2009.11.27 08:54:10.073,8.52855,8.53305,2.40,1.60
2009.11.27 08:54:14.062,8.52895,8.53365,1.60,1.60
2009.11.27 08:54:14.282,8.5298,8.53365,1.60,1.60
2009.11.27 08:54:31.188,8.5301,8.53365,5.20,1.60
2009.11.27 08:54:31.348,8.5305,8.53425,2.50,1.60
2009.11.27 08:54:56.932,8.5305,8.53395,1.00,1.60
2009.11.27 08:54:57.042,8.531,8.53395,1.00,1.60
2009.11.27 08:55:05.310,8.531,8.53385,1.00,1.60
2009.11.27 08:55:28.065,8.531,8.53335,1.00,1.60
2009.11.27 08:55:28.414,8.5296,8.53335,1.00,1.60
2009.11.27 08:55:28.874,8.5296,8.53255,1.00,1.60
2009.11.27 08:55:29.374,8.52935,8.53255,2.40,1.60
2009.11.27 08:55:29.704,8.52775,8.53255,2.50,1.60
2009.11.27 08:55:31.683,8.5286,8.53235,5.20,1.60
2009.11.27 08:55:32.003,8.5295,8.53295,1.00,1.60
2009.11.27 08:55:32.943,8.52925,8.53235,2.40,1.60
2009.11.27 08:55:33.233,8.52815,8.53235,1.00,1.60
2009.11.27 08:55:41.171,8.52915,8.53295,1.60,1.60
2009.11.27 08:55:41.281,8.52925,8.53295,1.00,1.60
2009.11.27 08:55:41.341,8.52975,8.53295,1.00,1.60
2009.11.27 08:55:44.460,8.52985,8.53285,2.40,1.60
2009.11.27 08:55:44.800,8.5301,8.53285,1.00,1.60
2009.11.27 08:55:47.429,8.5301,8.53295,1.00,1.60
2009.11.27 08:55:48.000,8.5301,8.53275,1.00,1.60
2009.11.27 08:55:48.279,8.53025,8.53275,1.00,1.60
2009.11.27 08:55:53.088,8.52765,8.53185,2.50,1.60
2009.11.27 08:56:14.423,8.52805,8.53175,1.00,1.60
2009.11.27 08:57:03.281,8.52805,8.53185,1.00,1.60
2009.11.27 08:57:11.340,8.52805,8.53155,1.00,1.60
2009.11.27 08:57:11.630,8.5281,8.53155,1.00,1.60
2009.11.27 08:57:20.467,8.52755,8.53135,1.60,1.60
2009.11.27 08:57:23.916,8.52705,8.53035,1.00,1.60
2009.11.27 08:57:24.087,8.52715,8.52945,1.00,1.60
2009.11.27 08:57:24.256,8.5258,8.52945,1.60,1.60
2009.11.27 08:57:24.377,8.5258,8.52925,1.60,1.60
2009.11.27 08:57:24.546,8.5254,8.52895,1.00,1.60
2009.11.27 08:57:25.016,8.5254,8.52885,1.00,1.60
2009.11.27 08:57:40.712,8.52365,8.52815,1.00,1.60
2009.11.27 08:57:50.290,8.52355,8.52765,1.60,1.60
2009.11.27 08:57:54.289,8.52375,8.52855,2.40,1.60
2009.11.27 08:57:59.298,8.52345,8.52785,2.50,1.60
2009.11.27 08:58:00.128,8.5246,8.52785,1.60,1.60
2009.11.27 08:58:00.408,8.5236,8.52785,1.00,1.60
2009.11.27 08:58:32.090,8.52375,8.52785,1.60,1.60
2009.11.27 08:58:36.959,8.5237,8.52785,1.00,1.60
2009.11.27 08:58:41.328,8.5237,8.52775,1.00,1.60
2009.11.27 08:58:53.115,8.5237,8.52785,1.00,1.60
2009.11.27 08:58:54.374,8.5237,8.52775,1.00,1.60
2009.11.27 08:59:24.037,8.52465,8.52865,1.60,1.60
2009.11.27 08:59:24.307,8.5256,8.52865,1.00,1.60
2009.11.27 08:59:28.546,8.5258,8.52875,1.00,1.60
2009.11.27 08:59:33.515,8.5258,8.52925,1.00,1.60
2009.11.27 08:59:33.865,8.52635,8.52925,1.00,1.60
2009.11.27 08:59:39.934,8.52665,8.52945,1.00,1.60
