2016.04.05 21:00:00.114,9.48014,9.48596,0.75,1.50
2016.04.05 21:00:00.178,9.48054,9.48596,0.75,1.50
2016.04.05 21:00:00.734,9.48054,9.48476,0.75,0.75
2016.04.05 21:00:24.940,9.48054,9.48506,0.75,0.75
2016.04.05 21:03:55.412,9.48053,9.48507,0.75,0.75
2016.04.05 21:05:15.409,9.48054,9.48506,1.00,1.00
2016.04.05 21:06:09.772,9.48066,9.48506,1.00,1.00
2016.04.05 21:06:09.873,9.48074,9.48547,1.00,1.00
2016.04.05 21:06:09.969,9.48074,9.48636,1.00,1.00
2016.04.05 21:06:10.171,9.48263,9.49006,1.00,1.00
2016.04.05 21:06:11.333,9.48284,9.48996,1.00,1.00
2016.04.05 21:06:12.534,9.48324,9.49006,1.00,1.00
2016.04.05 21:06:13.482,9.48364,9.49006,1.00,1.00
2016.04.05 21:06:15.536,9.48384,9.49006,1.00,1.00
2016.04.05 21:06:40.158,9.48414,9.49006,1.00,1.00
2016.04.05 21:08:08.445,9.48374,9.49006,1.00,1.00
2016.04.05 21:08:21.678,9.48404,9.49006,1.00,1.00
2016.04.05 21:08:30.384,9.48394,9.49006,1.00,1.00
2016.04.05 21:09:24.652,9.48414,9.49006,1.00,1.00
2016.04.05 21:13:29.186,9.48324,9.49006,1.00,1.00
2016.04.05 21:13:30.371,9.48344,9.49006,1.00,1.00
2016.04.05 21:13:41.421,9.48374,9.49006,1.00,1.00
2016.04.05 21:14:00.412,9.48374,9.49076,1.00,1.00
2016.04.05 21:14:01.553,9.48374,9.49006,1.00,1.00
2016.04.05 21:14:06.151,9.48344,9.49006,1.00,1.00
2016.04.05 21:14:06.639,9.48404,9.49006,1.00,1.00
2016.04.05 21:14:08.557,9.48394,9.49006,1.00,1.00
2016.04.05 21:14:16.116,9.48404,9.49006,1.00,1.00
2016.04.05 21:14:16.498,9.48364,9.49006,1.00,1.00
2016.04.05 21:14:17.317,9.48394,9.49006,1.00,1.00
2016.04.05 21:14:17.617,9.48354,9.49006,1.00,1.00
2016.04.05 21:14:18.718,9.48364,9.49006,1.00,1.00
2016.04.05 21:14:19.920,9.48384,9.49006,1.00,1.00
2016.04.05 21:14:25.224,9.48364,9.49006,1.00,1.00
2016.04.05 21:14:30.029,9.48354,9.49006,1.00,1.00
2016.04.05 21:14:30.385,9.48383,9.49006,1.00,1.00
2016.04.05 21:14:31.330,9.48373,9.49006,1.00,1.00
2016.04.05 21:14:36.462,9.48364,9.49006,1.00,1.00
2016.04.05 21:14:49.626,9.48354,9.49006,1.00,1.00
2016.04.05 21:14:49.948,9.48374,9.49006,1.00,1.00
2016.04.05 21:14:56.455,9.48354,9.49006,1.00,1.00
2016.04.05 21:15:02.158,9.48364,9.49006,1.00,1.00
2016.04.05 21:15:19.574,9.48354,9.49006,1.00,1.00
2016.04.05 21:15:47.111,9.48364,9.49006,1.00,1.00
2016.04.05 21:16:00.722,9.48354,9.49006,1.00,1.00
2016.04.05 21:16:38.844,9.48364,9.49006,1.00,1.00
2016.04.05 21:16:39.663,9.48354,9.49006,1.00,1.00
2016.04.05 21:17:18.448,9.48364,9.49006,1.00,1.00
2016.04.05 21:17:19.549,9.48354,9.49006,1.00,1.00
2016.04.05 21:17:35.362,9.48364,9.49006,1.00,1.00
2016.04.05 21:17:50.569,9.48364,9.49007,1.00,1.00
2016.04.05 21:17:50.675,9.48244,9.49007,1.00,1.00
2016.04.05 21:17:50.875,9.48274,9.49007,1.00,1.00
2016.04.05 21:17:51.776,9.48324,9.49007,1.00,1.00
2016.04.05 21:18:03.539,9.48334,9.49007,1.00,1.00
2016.04.05 21:18:07.089,9.48344,9.49007,1.00,1.00
2016.04.05 21:18:07.390,9.48334,9.49007,1.00,1.00
2016.04.05 21:18:08.069,9.48334,9.49006,1.00,1.00
2016.04.05 21:18:08.322,9.48353,9.49006,1.00,1.00
2016.04.05 21:18:23.018,9.48353,9.49036,1.00,1.00
2016.04.05 21:18:23.120,9.48174,9.49036,1.00,1.00
2016.04.05 21:18:23.171,9.48174,9.49291,1.00,0.21
2016.04.05 21:18:23.323,9.48229,9.4929,1.00,0.21
2016.04.05 21:18:23.659,9.48353,9.4929,1.00,0.21
2016.04.05 21:18:37.789,9.48353,9.49291,1.00,0.21
2016.04.05 21:18:40.064,9.48337,9.49291,1.00,0.21
2016.04.05 21:18:42.318,9.48337,9.48964,1.00,2.10
2016.04.05 21:18:42.672,9.48054,9.48477,1.00,1.00
2016.04.05 21:18:52.058,9.48144,9.48477,1.00,1.00
2016.04.05 21:18:52.375,9.48144,9.48596,1.00,1.00
2016.04.05 21:19:52.392,9.48074,9.48596,1.00,1.00
2016.04.05 21:19:56.298,9.48124,9.48576,1.00,1.00
2016.04.05 21:19:56.608,9.48124,9.48477,1.00,1.00
2016.04.05 21:20:03.117,9.48184,9.48477,1.00,1.00
2016.04.05 21:20:03.168,9.48184,9.48706,1.00,1.00
2016.04.05 21:20:03.219,9.48199,9.49036,1.00,0.75
2016.04.05 21:20:03.270,9.48295,9.49036,1.00,0.75
2016.04.05 21:20:03.321,9.48295,9.49206,1.00,0.75
2016.04.05 21:20:03.422,9.48295,9.49616,1.00,1.00
2016.04.05 21:20:03.473,9.48295,9.49411,1.00,1.00
2016.04.05 21:20:03.624,9.48439,9.49616,1.00,1.00
2016.04.05 21:20:03.725,9.48439,9.49958,1.00,1.00
2016.04.05 21:20:13.601,9.48434,9.49953,1.00,1.00
2016.04.05 21:20:14.023,9.48429,9.49952,1.00,1.00
2016.04.05 21:20:15.078,9.4841,9.49933,1.00,1.00
2016.04.05 21:20:25.108,9.48404,9.49927,1.00,1.00
2016.04.05 21:20:35.605,9.48403,9.49926,1.00,1.00
2016.04.05 21:20:46.125,9.48402,9.49925,1.00,1.00
2016.04.05 21:20:48.516,9.48402,9.48933,1.00,2.10
2016.04.05 21:20:48.567,9.48223,9.48796,1.00,2.10
2016.04.05 21:20:48.668,9.48044,9.48374,1.00,1.00
2016.04.05 21:20:57.730,9.48234,9.48366,1.00,1.00
2016.04.05 21:21:17.877,9.48284,9.48396,1.00,5.34
2016.04.05 21:21:17.927,9.48284,9.49376,1.00,1.00
2016.04.05 21:21:17.980,9.48284,9.49332,1.00,1.00
2016.04.05 21:21:18.285,9.48421,9.49332,1.00,1.00
2016.04.05 21:21:19.021,9.48421,9.49196,1.00,1.00
2016.04.05 21:21:28.206,9.48418,9.49196,1.00,1.00
2016.04.05 21:21:35.566,9.48468,9.49196,1.00,1.00
2016.04.05 21:21:35.686,9.48468,9.50089,1.00,1.00
2016.04.05 21:21:45.941,9.48466,9.50087,1.00,1.00
2016.04.05 21:21:49.800,9.484,9.50541,1.00,1.75
2016.04.05 21:22:00.029,9.4838,9.50238,1.00,0.75
2016.04.05 21:22:00.080,9.48375,9.50238,1.00,0.75
2016.04.05 21:22:16.696,9.48375,9.50216,1.00,0.75
2016.04.05 21:22:20.056,9.48366,9.50216,1.00,0.75
2016.04.05 21:22:39.984,9.48416,9.50607,1.00,1.75
2016.04.05 21:22:40.543,9.48436,9.50607,1.00,1.75
2016.04.05 21:22:42.116,9.48436,9.50607,1.00,1.75
2016.04.05 21:23:00.059,9.48358,9.50606,1.00,1.75
2016.04.05 21:23:20.043,9.48362,9.50606,1.00,1.75
2016.04.05 21:23:40.069,9.48416,9.50606,1.00,1.75
2016.04.05 21:23:59.994,9.48396,9.50606,1.00,1.75
2016.04.05 21:24:00.096,9.48363,9.50606,1.00,1.75
2016.04.05 21:24:10.396,9.48404,9.50607,1.00,1.75
2016.04.05 21:24:19.015,9.48404,9.50606,1.00,1.75
2016.04.05 21:24:20.026,9.48412,9.50606,1.00,1.75
2016.04.05 21:24:40.056,9.48392,9.50606,1.00,1.75
2016.04.05 21:24:40.139,9.48317,9.50606,1.00,1.75
2016.04.05 21:24:59.984,9.48318,9.50606,1.00,1.75
2016.04.05 21:25:20.012,9.48341,9.5064,1.00,1.75
2016.04.05 21:25:40.045,9.48413,9.50656,1.00,1.75
2016.04.05 21:25:49.422,9.48413,9.50656,1.00,1.00
2016.04.05 21:26:00.072,9.48418,9.50656,1.00,1.00
2016.04.05 21:26:19.999,9.48406,9.50656,1.00,1.00
2016.04.05 21:26:40.134,9.48288,9.50589,1.75,1.00
2016.04.05 21:26:46.774,9.48288,9.49289,1.75,2.10
2016.04.05 21:26:47.302,9.48044,9.49376,1.00,2.10
2016.04.05 21:26:47.353,9.48044,9.48696,1.00,1.00
2016.04.05 21:26:51.931,9.48044,9.48626,1.00,1.00
2016.04.05 21:26:52.429,9.48303,9.48626,1.00,1.00
2016.04.05 21:26:52.892,9.48303,9.48556,1.00,1.00
2016.04.05 21:26:53.894,9.48303,9.48516,1.00,1.00
2016.04.05 21:26:54.894,9.48303,9.48496,1.00,1.00
2016.04.05 21:26:55.895,9.48303,9.48476,1.00,1.00
2016.04.05 21:26:56.796,9.48303,9.48696,1.00,1.00
2016.04.05 21:26:56.847,9.48444,9.48696,1.00,1.00
2016.04.05 21:27:01.903,9.48444,9.48706,1.00,1.00
2016.04.05 21:27:13.854,9.48414,9.48706,1.00,1.00
2016.04.05 21:27:18.374,9.48384,9.48696,1.00,1.00
2016.04.05 21:27:18.425,9.48384,9.48457,1.00,1.00
2016.04.05 21:27:18.844,9.48404,9.48457,1.00,1.00
2016.04.05 21:27:19.204,9.48403,9.48457,0.75,1.00
2016.04.05 21:27:20.359,9.48402,9.48457,1.00,1.00
2016.04.05 21:27:23.281,9.48392,9.48677,1.00,1.00
2016.04.05 21:27:29.260,9.48366,9.48647,1.00,2.10
2016.04.05 21:27:29.611,9.48309,9.48376,1.00,1.00
2016.04.05 21:27:33.303,9.4829,9.48497,1.00,1.00
2016.04.05 21:27:35.291,9.483,9.48456,1.00,1.00
2016.04.05 21:27:35.342,9.48306,9.48496,1.00,1.00
2016.04.05 21:27:39.474,9.48301,9.48496,1.00,1.00
2016.04.05 21:27:41.820,9.483,9.48496,1.00,1.00
2016.04.05 21:27:51.121,9.48174,9.48496,1.00,1.00
2016.04.05 21:27:51.172,9.48174,9.48648,1.00,1.50
2016.04.05 21:27:51.295,9.48174,9.48676,1.00,1.00
2016.04.05 21:27:51.386,9.48264,9.48676,1.00,1.00
2016.04.05 21:27:51.764,9.48324,9.48676,1.00,1.00
2016.04.05 21:27:52.387,9.48284,9.48676,1.00,1.00
2016.04.05 21:28:01.194,9.48304,9.48676,1.00,1.00
2016.04.05 21:28:04.997,9.48294,9.48676,1.00,1.00
2016.04.05 21:28:43.229,9.48264,9.48676,1.00,1.00
2016.04.05 21:28:43.709,9.48284,9.48676,1.00,1.00
2016.04.05 21:28:44.630,9.48293,9.48676,1.00,1.00
2016.04.05 21:28:51.136,9.48274,9.48676,1.00,1.00
2016.04.05 21:28:52.608,9.48284,9.48676,1.00,1.00
2016.04.05 21:28:53.638,9.48294,9.48676,1.00,1.00
2016.04.05 21:29:01.244,9.48284,9.48676,1.00,1.00
2016.04.05 21:29:09.252,9.48274,9.48676,1.00,1.00
2016.04.05 21:29:10.353,9.48284,9.48676,1.00,1.00
2016.04.05 21:29:26.306,9.48294,9.48676,1.00,1.00
2016.04.05 21:29:40.280,9.48304,9.48676,1.00,1.00
2016.04.05 21:29:40.938,9.48294,9.48676,1.00,1.00
2016.04.05 21:30:01.442,9.48304,9.48676,1.00,1.00
2016.04.05 21:30:02.544,9.48294,9.48676,1.00,1.00
2016.04.05 21:30:05.867,9.48044,9.48676,1.00,1.00
2016.04.05 21:31:20.386,9.48043,9.48677,1.00,1.00
2016.04.05 21:31:44.589,9.48044,9.48676,1.00,1.00
2016.04.05 21:34:29.815,9.48043,9.48677,1.00,1.00
2016.04.05 21:35:09.854,9.48044,9.48676,1.00,1.00
2016.04.05 21:37:21.083,9.48043,9.48677,1.00,1.00
2016.04.05 21:38:01.573,9.48044,9.48676,1.00,1.00
2016.04.05 21:38:47.562,9.48043,9.48677,1.00,1.00
2016.04.05 21:39:27.612,9.48044,9.48676,1.00,1.00
2016.04.05 21:42:28.748,9.47853,9.48957,1.50,2.10
2016.04.05 21:42:36.028,9.48044,9.48676,1.00,1.00
2016.04.05 21:42:38.756,9.48364,9.48746,1.00,1.00
2016.04.05 21:42:55.523,9.48344,9.48736,1.00,1.00
2016.04.05 21:44:01.499,9.48384,9.48736,1.00,1.00
2016.04.05 21:44:55.315,9.48354,9.48736,1.00,1.00
2016.04.05 21:44:55.416,9.48354,9.48716,1.00,1.00
2016.04.05 21:45:55.114,9.48354,9.48676,1.00,1.00
2016.04.05 21:45:55.165,9.48151,9.48676,1.00,1.00
2016.04.05 21:45:55.216,9.48103,9.48676,1.00,1.00
2016.04.05 21:45:55.317,9.48034,9.48676,1.00,1.00
2016.04.05 21:45:55.368,9.48024,9.48676,1.00,1.50
2016.04.05 21:46:08.494,9.48024,9.48497,1.00,1.00
2016.04.05 21:46:08.658,9.48004,9.48497,1.00,1.00
2016.04.05 21:46:08.709,9.48004,9.48666,1.00,1.15
2016.04.05 21:46:09.162,9.48004,9.48666,1.00,1.15
2016.04.05 21:46:09.464,9.48004,9.48666,1.00,1.15
2016.04.05 21:46:10.289,9.48004,9.48666,1.00,1.00
2016.04.05 21:46:31.563,9.48014,9.48686,1.00,1.00
2016.04.05 21:46:31.665,9.48034,9.48446,1.00,1.00
2016.04.05 21:46:32.154,9.48014,9.48517,1.00,1.00
2016.04.05 21:46:32.270,9.48014,9.48666,1.00,1.00
2016.04.05 21:46:51.624,9.48014,9.48626,1.00,1.00
2016.04.05 21:47:08.563,9.48014,9.48546,1.00,1.00
2016.04.05 21:47:08.868,9.48034,9.48446,1.00,1.00
2016.04.05 21:47:09.430,9.48014,9.48517,1.00,1.00
2016.04.05 21:47:09.481,9.48014,9.48666,1.00,1.00
2016.04.05 21:47:21.188,9.47984,9.48636,1.50,1.00
2016.04.05 21:47:21.513,9.47984,9.48497,1.00,1.00
2016.04.05 21:47:21.824,9.47994,9.48497,1.00,1.00
2016.04.05 21:48:00.154,9.48034,9.48497,1.00,1.00
2016.04.05 21:48:00.399,9.48034,9.48686,1.00,1.00
2016.04.05 21:48:22.563,9.48034,9.48696,1.00,1.00
2016.04.05 21:48:22.665,9.48034,9.48627,1.00,1.00
2016.04.05 21:49:12.630,9.48033,9.48507,1.00,1.00
2016.04.05 21:49:13.304,9.48034,9.48446,1.00,1.00
2016.04.05 21:49:17.176,9.48104,9.48567,1.00,1.00
2016.04.05 21:49:54.322,9.48104,9.48566,1.00,1.00
2016.04.05 21:50:34.390,9.48104,9.48516,1.00,1.00
2016.04.05 21:50:55.923,9.48074,9.48516,1.00,1.00
2016.04.05 21:51:02.288,9.48074,9.48576,1.00,1.00
2016.04.05 21:51:02.339,9.48294,9.48965,1.00,1.00
2016.04.05 21:51:02.440,9.48474,9.49106,1.00,1.00
2016.04.05 21:51:02.642,9.48635,9.49376,1.00,1.00
2016.04.05 21:51:03.158,9.48634,9.49376,1.00,1.00
2016.04.05 21:51:03.312,9.48694,9.49433,1.00,1.07
2016.04.05 21:51:03.362,9.48694,9.49433,1.00,1.00
2016.04.05 21:51:03.413,9.48753,9.49526,1.00,1.00
2016.04.05 21:51:03.464,9.48753,9.49815,1.00,1.12
2016.04.05 21:51:03.518,9.48754,9.49815,1.00,1.12
2016.04.05 21:51:03.620,9.48753,9.49956,1.00,1.50
2016.04.05 21:51:04.163,9.48753,9.50031,1.00,1.00
2016.04.05 21:51:04.229,9.48559,9.50032,1.00,1.00
2016.04.05 21:51:04.281,9.48544,9.50032,1.00,1.00
2016.04.05 21:51:04.382,9.48463,9.50032,1.00,1.00
2016.04.05 21:51:04.433,9.48463,9.50117,1.00,1.12
2016.04.05 21:51:04.484,9.48463,9.50251,1.00,1.37
2016.04.05 21:51:04.535,9.48463,9.50251,1.00,1.00
2016.04.05 21:51:05.362,9.48616,9.50404,1.00,1.00
2016.04.05 21:51:15.807,9.48612,9.504,1.00,1.00
2016.04.05 21:51:20.576,9.48702,9.5049,1.00,1.00
2016.04.05 21:51:21.018,9.48936,9.50725,1.00,1.75
2016.04.05 21:51:26.071,9.48865,9.50653,1.00,1.00
2016.04.05 21:51:31.881,9.48969,9.50683,1.00,1.75
2016.04.05 21:51:31.982,9.48969,9.50683,1.00,1.00
2016.04.05 21:51:34.426,9.48969,9.50663,1.00,1.00
2016.04.05 21:51:34.527,9.48969,9.50702,1.00,1.00
2016.04.05 21:51:37.946,9.48969,9.50396,1.00,1.00
2016.04.05 21:51:42.211,9.48971,9.50396,1.00,1.00
2016.04.05 21:51:48.074,9.48794,9.50396,1.45,1.00
2016.04.05 21:51:48.226,9.48752,9.50396,1.00,1.00
2016.04.05 21:51:58.402,9.48763,9.50396,1.00,1.00
2016.04.05 21:52:00.266,9.48763,9.49588,1.00,0.75
2016.04.05 21:52:00.317,9.48584,9.49588,1.00,0.75
2016.04.05 21:52:27.378,9.48564,9.49588,1.00,1.00
2016.04.05 21:52:27.429,9.48564,9.49338,1.00,1.00
2016.04.05 21:52:38.131,9.48544,9.49213,1.00,1.00
2016.04.05 21:52:50.141,9.48544,9.49175,1.00,1.00
2016.04.05 21:53:00.118,9.48544,9.49135,1.00,1.00
2016.04.05 21:53:10.126,9.48544,9.491,1.00,1.00
2016.04.05 21:53:16.252,9.48544,9.48976,1.00,1.00
2016.04.05 21:53:16.856,9.48543,9.48976,1.00,1.00
2016.04.05 21:53:38.448,9.48503,9.48906,1.00,1.00
2016.04.05 21:53:38.780,9.48503,9.48901,1.00,1.00
2016.04.05 21:54:27.570,9.48504,9.48901,1.00,1.00
2016.04.05 21:54:36.782,9.48544,9.48976,1.00,1.50
2016.04.05 21:54:45.828,9.48594,9.48976,1.00,1.00
2016.04.05 21:54:45.929,9.48544,9.48976,1.00,1.50
2016.04.05 21:54:59.870,9.48544,9.49137,1.00,1.50
2016.04.05 21:54:59.921,9.48544,9.49225,1.00,1.00
2016.04.05 21:55:00.022,9.48544,9.49395,1.00,1.00
2016.04.05 21:55:00.073,9.4858,9.49395,1.00,1.00
2016.04.05 21:55:00.124,9.48544,9.49485,1.00,1.00
2016.04.05 21:55:00.640,9.48564,9.49485,1.00,1.00
2016.04.05 21:55:00.700,9.48564,9.49886,1.00,1.75
2016.04.05 21:55:01.125,9.48604,9.49892,1.00,1.75
2016.04.05 21:55:01.177,9.48604,9.49892,1.00,1.00
2016.04.05 21:55:01.229,9.48604,9.5011,1.00,1.37
2016.04.05 21:55:01.326,9.48604,9.5011,1.00,1.00
2016.04.05 21:55:01.377,9.48604,9.50175,1.00,1.12
2016.04.05 21:55:01.428,9.48604,9.50249,1.00,1.75
2016.04.05 21:55:02.138,9.48614,9.5028,1.00,1.12
2016.04.05 21:55:03.316,9.48624,9.50466,1.00,1.75
2016.04.05 21:55:03.577,9.48624,9.50566,1.00,1.75
2016.04.05 21:55:15.992,9.48614,9.50588,1.00,1.12
2016.04.05 21:55:16.043,9.48754,9.50739,1.37,1.97
2016.04.05 21:55:16.486,9.48754,9.50739,1.37,1.97
2016.04.05 21:55:17.018,9.48754,9.50739,1.37,1.75
2016.04.05 21:55:21.156,9.48754,9.50719,1.50,1.75
2016.04.05 21:55:23.016,9.48904,9.50719,1.00,1.75
2016.04.05 21:55:23.466,9.48904,9.50719,1.00,1.75
2016.04.05 21:55:24.131,9.48954,9.50719,1.00,1.75
2016.04.05 21:55:31.566,9.49129,9.50653,1.00,1.75
2016.04.05 21:55:31.667,9.49144,9.50653,1.00,1.75
2016.04.05 21:55:32.236,9.49129,9.50653,1.00,1.75
2016.04.05 21:55:38.526,9.49334,9.5067,1.00,1.75
2016.04.05 21:55:38.677,9.49334,9.5067,1.00,1.75
2016.04.05 21:55:46.336,9.49474,9.50667,1.00,1.75
2016.04.05 21:55:46.904,9.49474,9.50667,1.00,1.75
2016.04.05 21:55:49.867,9.49464,9.50586,1.00,1.75
2016.04.05 21:55:49.918,9.49464,9.50577,1.00,1.97
2016.04.05 21:55:51.930,9.49464,9.5032,1.00,1.00
2016.04.05 21:55:54.120,9.49464,9.50296,1.00,1.00
2016.04.05 21:55:55.091,9.49464,9.50276,1.00,1.00
2016.04.05 21:55:56.896,9.49464,9.50246,1.00,1.00
2016.04.05 21:55:57.897,9.49464,9.50227,1.00,1.00
2016.04.05 21:56:00.904,9.49464,9.50206,1.00,1.00
2016.04.05 21:56:04.618,9.49254,9.50206,1.00,1.00
2016.04.05 21:56:04.719,9.49163,9.50206,1.00,1.00
2016.04.05 21:56:04.770,9.49015,9.50206,1.50,1.00
2016.04.05 21:56:04.871,9.48888,9.50206,1.00,1.75
2016.04.05 21:56:04.972,9.48684,9.50256,1.00,1.75
2016.04.05 21:56:05.073,9.48604,9.50256,1.00,1.75
2016.04.05 21:56:05.613,9.48614,9.50406,1.00,1.97
2016.04.05 21:56:05.890,9.48614,9.50406,1.00,1.75
2016.04.05 21:56:06.626,9.48624,9.50453,1.00,1.75
2016.04.05 21:56:07.636,9.48604,9.50519,1.00,1.97
2016.04.05 21:56:08.845,9.48594,9.50476,1.00,1.97
2016.04.05 21:56:08.947,9.48594,9.50296,1.00,1.97
2016.04.05 21:56:09.842,9.48614,9.50316,1.00,1.97
2016.04.05 21:56:09.943,9.48614,9.50306,1.00,1.97
2016.04.05 21:56:10.137,9.48614,9.50306,1.00,1.97
2016.04.05 21:56:23.665,9.48614,9.50296,1.75,1.00
2016.04.05 21:56:31.237,9.48594,9.50276,1.75,1.00
2016.04.05 21:56:31.752,9.48594,9.50306,1.75,1.22
2016.04.05 21:56:32.710,9.48584,9.50176,1.75,1.75
2016.04.05 21:56:33.281,9.48584,9.50176,1.75,1.97
2016.04.05 21:56:33.724,9.48593,9.50026,1.75,1.22
2016.04.05 21:56:34.016,9.48593,9.50026,1.75,1.22
2016.04.05 21:56:34.118,9.48564,9.4999,1.75,1.37
2016.04.05 21:56:34.427,9.48564,9.49776,1.07,1.55
2016.04.05 21:56:35.335,9.48564,9.49746,1.07,1.25
2016.04.05 21:56:36.678,9.48564,9.49494,1.00,1.00
2016.04.05 21:56:37.893,9.48564,9.49456,1.00,1.00
2016.04.05 21:56:38.884,9.48564,9.49416,1.00,1.00
2016.04.05 21:56:39.886,9.48564,9.49386,1.00,1.00
2016.04.05 21:56:41.961,9.48564,9.49366,1.00,1.00
2016.04.05 21:56:43.930,9.48564,9.49356,1.00,1.00
2016.04.05 21:56:45.366,9.48554,9.49356,1.00,1.00
2016.04.05 21:56:45.417,9.48554,9.49356,1.00,1.10
2016.04.05 21:56:47.409,9.48554,9.49196,1.00,1.00
2016.04.05 21:56:48.412,9.48554,9.49156,1.00,1.00
2016.04.05 21:56:49.413,9.48554,9.49136,1.00,1.00
2016.04.05 21:56:50.416,9.48554,9.49126,1.00,1.00
2016.04.05 21:56:53.637,9.48554,9.49106,1.00,1.00
2016.04.05 21:56:57.333,9.48554,9.49486,1.00,1.10
2016.04.05 21:56:57.437,9.48554,9.49486,1.00,1.10
2016.04.05 21:56:57.737,9.48554,9.49486,1.00,1.00
2016.04.05 21:56:58.565,9.48534,9.49466,1.00,1.00
2016.04.05 21:56:59.135,9.48534,9.49226,1.00,1.00
2016.04.05 21:57:11.066,9.48514,9.49226,1.00,1.00
2016.04.05 21:57:11.167,9.48514,9.49017,1.00,1.00
2016.04.05 21:57:11.826,9.48514,9.48956,1.00,1.00
2016.04.05 21:57:16.340,9.48544,9.49026,1.00,1.00
2016.04.05 21:57:16.441,9.48603,9.49157,1.00,1.00
2016.04.05 21:57:17.639,9.48624,9.49156,1.00,1.00
2016.04.05 21:57:20.136,9.48643,9.49157,1.00,1.00
2016.04.05 21:57:29.048,9.48644,9.49179,1.00,1.00
2016.04.05 21:57:34.047,9.48644,9.49196,1.00,1.00
2016.04.05 21:57:34.396,9.48644,9.49179,1.00,1.00
2016.04.05 21:57:51.860,9.48644,9.49196,1.00,1.00
2016.04.05 21:57:53.105,9.48643,9.49196,1.00,1.00
2016.04.05 21:58:00.145,9.48643,9.49187,1.00,1.00
2016.04.05 21:58:05.494,9.48644,9.49187,1.00,1.00
2016.04.05 21:58:18.275,9.48644,9.48996,1.00,1.00
2016.04.05 21:58:48.595,9.48754,9.49456,1.00,1.00
2016.04.05 21:58:49.443,9.48755,9.49456,1.00,1.00
2016.04.05 21:58:50.373,9.48804,9.49456,1.00,1.00
2016.04.05 21:58:50.875,9.48823,9.49456,1.00,1.00
2016.04.05 21:58:51.879,9.48854,9.49456,1.00,1.00
2016.04.05 21:58:53.297,9.48874,9.49456,1.00,1.00
2016.04.05 21:58:56.591,9.48894,9.49456,1.00,1.00
2016.04.05 21:59:06.815,9.48894,9.49467,0.75,0.75
2016.04.05 21:59:06.916,9.48894,9.49446,0.75,0.75
2016.04.05 21:59:06.967,9.48773,9.49446,0.75,0.75
2016.04.05 21:59:07.477,9.48774,9.49446,0.75,0.75
