2016.08.04 15:00:00.114,9.39847,9.40103,1.36,1.00
2016.08.04 15:00:00.442,9.39847,9.40103,1.33,1.00
2016.08.04 15:00:00.573,9.39864,9.40103,1.13,1.00
2016.08.04 15:00:00.625,9.39871,9.40103,1.03,1.00
2016.08.04 15:00:00.842,9.39871,9.40103,1.03,1.00
2016.08.04 15:00:00.944,9.39864,9.40103,1.11,1.00
2016.08.04 15:00:01.147,9.39847,9.40103,1.36,1.00
2016.08.04 15:00:01.440,9.39864,9.40103,1.05,1.00
2016.08.04 15:00:01.543,9.39864,9.4012,2.09,1.00
2016.08.04 15:00:01.768,9.39864,9.40138,2.09,1.00
2016.08.04 15:00:02.243,9.39864,9.40138,2.17,1.00
2016.08.04 15:00:02.365,9.39883,9.40138,1.64,1.00
2016.08.04 15:00:02.466,9.39883,9.40138,1.71,1.00
2016.08.04 15:00:02.568,9.39904,9.40138,1.10,1.00
2016.08.04 15:00:02.669,9.39914,9.40138,1.00,1.00
2016.08.04 15:00:03.152,9.39914,9.40138,1.00,1.00
2016.08.04 15:00:03.203,9.39884,9.40138,1.65,1.00
2016.08.04 15:00:03.669,9.39914,9.40138,1.00,1.00
2016.08.04 15:00:03.852,9.39914,9.40138,1.00,1.00
2016.08.04 15:00:03.903,9.39904,9.40138,1.47,1.00
2016.08.04 15:00:04.153,9.39904,9.40146,1.47,1.00
2016.08.04 15:00:04.658,9.39914,9.40146,1.00,1.00
2016.08.04 15:00:05.156,9.39914,9.40165,1.00,1.00
2016.08.04 15:00:05.386,9.39924,9.40165,1.00,1.00
2016.08.04 15:00:05.437,9.39924,9.40165,1.00,1.00
2016.08.04 15:00:05.557,9.39924,9.40165,1.00,1.00
2016.08.04 15:00:06.209,9.39914,9.40165,1.00,1.00
2016.08.04 15:00:06.665,9.39924,9.40165,1.00,1.00
2016.08.04 15:00:06.882,9.39924,9.40165,1.00,1.00
2016.08.04 15:00:07.569,9.39923,9.40165,1.00,1.00
2016.08.04 15:00:07.839,9.39923,9.40165,1.00,1.00
2016.08.04 15:00:08.072,9.39923,9.40165,1.00,1.00
2016.08.04 15:00:08.373,9.39923,9.40165,1.00,1.00
2016.08.04 15:00:08.873,9.39933,9.40165,1.00,1.00
2016.08.04 15:00:09.426,9.39934,9.40165,1.00,1.00
2016.08.04 15:00:10.295,9.39924,9.40165,1.00,1.00
2016.08.04 15:00:10.880,9.39924,9.40183,1.00,1.00
2016.08.04 15:00:10.981,9.39914,9.40183,1.00,1.00
2016.08.04 15:00:11.184,9.39914,9.40164,1.00,1.00
2016.08.04 15:00:13.599,9.39924,9.40164,1.00,1.00
2016.08.04 15:00:13.937,9.39924,9.40146,1.00,1.00
2016.08.04 15:00:14.091,9.39914,9.40146,1.00,1.00
2016.08.04 15:00:15.094,9.39924,9.40146,1.00,1.00
2016.08.04 15:00:16.800,9.39904,9.40146,1.47,1.00
2016.08.04 15:00:16.901,9.39904,9.40146,1.47,1.00
2016.08.04 15:00:18.551,9.39914,9.40146,1.00,1.00
2016.08.04 15:00:18.652,9.39904,9.40146,1.47,1.00
2016.08.04 15:00:22.575,9.39904,9.40146,1.47,1.00
2016.08.04 15:00:22.926,9.39914,9.40146,1.00,1.00
2016.08.04 15:00:23.112,9.39914,9.40165,1.00,1.00
2016.08.04 15:00:23.366,9.39914,9.40165,1.00,1.00
2016.08.04 15:00:23.417,9.39914,9.40183,1.00,1.00
2016.08.04 15:00:24.014,9.39914,9.40164,1.00,1.00
2016.08.04 15:00:25.468,9.39904,9.40164,1.47,1.00
2016.08.04 15:00:26.645,9.39894,9.40164,2.51,1.00
2016.08.04 15:00:27.147,9.39904,9.40164,1.47,1.00
2016.08.04 15:00:28.103,9.39904,9.40164,1.47,1.00
2016.08.04 15:00:28.335,9.39904,9.40164,1.47,1.00
2016.08.04 15:00:29.272,9.39904,9.40164,1.47,1.00
2016.08.04 15:00:30.441,9.39914,9.40164,1.37,1.00
2016.08.04 15:00:31.075,9.39914,9.40164,1.37,1.00
2016.08.04 15:00:31.415,9.39914,9.40164,1.37,1.00
2016.08.04 15:00:32.078,9.39914,9.40164,1.37,1.00
2016.08.04 15:00:32.380,9.39923,9.40164,1.10,1.00
2016.08.04 15:00:33.397,9.39924,9.40164,1.00,1.00
2016.08.04 15:00:33.581,9.39924,9.40164,1.00,1.00
2016.08.04 15:00:33.911,9.39934,9.40164,1.00,1.00
2016.08.04 15:00:33.988,9.39933,9.40164,1.00,1.00
2016.08.04 15:00:35.083,9.39933,9.40164,1.00,1.00
2016.08.04 15:00:35.284,9.39933,9.40164,1.00,1.00
2016.08.04 15:00:35.703,9.39934,9.40164,1.00,1.00
2016.08.04 15:00:37.100,9.39933,9.40164,1.00,1.00
2016.08.04 15:00:37.628,9.39934,9.40164,1.00,1.00
2016.08.04 15:00:38.910,9.39944,9.40164,1.00,1.00
2016.08.04 15:00:39.953,9.39934,9.40164,1.00,1.00
2016.08.04 15:00:40.264,9.39944,9.40164,1.00,1.00
2016.08.04 15:00:41.941,9.39954,9.40164,1.00,1.00
2016.08.04 15:00:41.994,9.39954,9.40164,1.00,1.00
2016.08.04 15:00:42.372,9.39954,9.40181,1.00,1.00
2016.08.04 15:00:42.670,9.39954,9.40181,1.00,1.00
2016.08.04 15:00:44.160,9.39954,9.40175,1.00,1.00
2016.08.04 15:00:45.681,9.39964,9.40175,1.00,1.00
2016.08.04 15:00:45.882,9.39933,9.40175,1.00,1.00
2016.08.04 15:00:45.932,9.39933,9.40195,1.00,1.00
2016.08.04 15:00:46.034,9.39933,9.40186,1.00,1.00
2016.08.04 15:00:46.084,9.39964,9.40186,1.00,1.00
2016.08.04 15:00:48.516,9.39964,9.40186,1.00,1.00
2016.08.04 15:00:48.828,9.39964,9.40186,1.00,1.00
2016.08.04 15:00:48.880,9.39974,9.40186,1.00,1.00
2016.08.04 15:00:49.743,9.39974,9.40186,1.10,1.00
2016.08.04 15:00:49.895,9.39974,9.40205,1.10,1.00
2016.08.04 15:00:51.161,9.39984,9.40205,1.00,1.00
2016.08.04 15:00:51.698,9.39974,9.40205,1.10,1.00
2016.08.04 15:00:53.311,9.39959,9.40205,1.37,1.00
2016.08.04 15:00:54.701,9.39964,9.40205,1.37,1.00
2016.08.04 15:00:58.385,9.39959,9.40205,1.37,1.00
2016.08.04 15:00:59.891,9.39964,9.40205,1.37,1.00
2016.08.04 15:01:00.126,9.39959,9.40205,1.37,1.00
2016.08.04 15:01:01.101,9.39964,9.40205,1.37,1.00
2016.08.04 15:01:01.454,9.39959,9.40205,1.37,1.00
2016.08.04 15:01:01.560,9.39956,9.40205,1.37,1.00
2016.08.04 15:01:01.724,9.40004,9.40205,1.85,1.00
2016.08.04 15:01:03.723,9.40004,9.40205,1.28,1.00
2016.08.04 15:01:03.989,9.40004,9.40198,1.28,1.00
2016.08.04 15:01:06.475,9.40004,9.40198,1.25,1.00
2016.08.04 15:01:06.873,9.39956,9.40198,1.37,1.00
2016.08.04 15:01:07.075,9.39956,9.40166,1.00,1.00
2016.08.04 15:01:09.127,9.39956,9.40147,1.00,1.00
2016.08.04 15:01:15.020,9.39932,9.40147,1.00,1.00
2016.08.04 15:01:24.038,9.39932,9.40139,1.00,1.00
2016.08.04 15:01:24.628,9.39932,9.40139,1.00,1.00
2016.08.04 15:01:24.752,9.39932,9.40139,1.00,1.00
2016.08.04 15:01:26.704,9.39854,9.40119,1.37,1.00
2016.08.04 15:01:26.856,9.39854,9.40084,1.00,1.00
2016.08.04 15:01:27.315,9.39854,9.40084,1.00,1.00
2016.08.04 15:01:27.444,9.39844,9.40084,1.00,1.00
2016.08.04 15:01:27.494,9.39844,9.40084,1.00,1.00
2016.08.04 15:01:27.697,9.39844,9.40084,1.00,1.00
2016.08.04 15:01:29.615,9.39844,9.40084,1.00,1.00
2016.08.04 15:01:29.666,9.39834,9.40084,1.00,1.00
2016.08.04 15:01:30.001,9.39824,9.40084,1.00,1.00
2016.08.04 15:01:30.618,9.39833,9.40084,1.00,1.00
2016.08.04 15:01:30.881,9.39854,9.40084,1.00,1.00
2016.08.04 15:01:31.019,9.39854,9.40084,1.00,1.00
2016.08.04 15:01:31.120,9.39854,9.40084,1.00,1.00
2016.08.04 15:01:31.171,9.39844,9.40084,1.00,1.00
2016.08.04 15:01:32.325,9.39844,9.40084,1.50,1.00
2016.08.04 15:01:32.376,9.39854,9.40084,1.00,1.00
2016.08.04 15:01:32.889,9.39864,9.40084,1.00,1.00
2016.08.04 15:01:32.966,9.39854,9.40084,1.00,1.00
2016.08.04 15:01:33.125,9.39854,9.40084,1.00,1.00
2016.08.04 15:01:34.321,9.39854,9.40084,1.00,1.00
2016.08.04 15:01:34.630,9.39854,9.40084,1.00,1.00
2016.08.04 15:01:34.681,9.39844,9.40084,1.00,1.00
2016.08.04 15:01:35.203,9.39834,9.40084,1.00,1.00
2016.08.04 15:01:35.375,9.39844,9.40084,1.00,1.00
2016.08.04 15:01:35.676,9.39834,9.40084,1.00,1.00
2016.08.04 15:01:35.881,9.39844,9.40084,1.00,1.00
2016.08.04 15:01:36.084,9.39844,9.40084,1.00,1.00
2016.08.04 15:01:36.185,9.39834,9.40084,1.00,1.00
2016.08.04 15:01:36.434,9.39834,9.40084,1.37,1.00
2016.08.04 15:01:37.224,9.39844,9.40084,1.00,1.00
2016.08.04 15:01:37.326,9.39844,9.40084,1.00,1.00
2016.08.04 15:01:37.584,9.39834,9.40084,1.37,1.00
2016.08.04 15:01:37.686,9.39844,9.40084,1.00,1.00
2016.08.04 15:01:37.945,9.39844,9.40084,1.00,1.00
2016.08.04 15:01:38.097,9.39834,9.40084,1.37,1.00
2016.08.04 15:01:38.689,9.39833,9.40084,1.37,1.00
2016.08.04 15:01:39.190,9.39834,9.40084,1.37,1.00
2016.08.04 15:01:40.424,9.39844,9.40084,1.00,1.00
2016.08.04 15:01:41.328,9.39844,9.40084,1.00,1.00
2016.08.04 15:01:41.439,9.39834,9.40084,1.00,1.00
2016.08.04 15:01:41.794,9.39834,9.40084,1.50,1.00
2016.08.04 15:01:41.947,9.39844,9.40084,1.00,1.00
2016.08.04 15:01:42.388,9.39854,9.40084,1.00,1.00
2016.08.04 15:01:42.440,9.39844,9.40084,1.00,1.00
2016.08.04 15:01:42.491,9.39844,9.40066,1.00,1.00
2016.08.04 15:01:43.454,9.39854,9.40066,1.00,1.00
2016.08.04 15:01:43.797,9.39854,9.40066,1.00,1.00
2016.08.04 15:01:44.799,9.39854,9.40066,1.00,1.00
2016.08.04 15:01:45.301,9.39854,9.40066,1.00,1.00
2016.08.04 15:01:45.454,9.39844,9.40066,1.00,1.00
2016.08.04 15:01:45.611,9.39844,9.40066,1.00,1.00
2016.08.04 15:01:45.662,9.39824,9.40066,1.00,1.00
2016.08.04 15:01:46.315,9.39824,9.40066,1.50,1.00
2016.08.04 15:01:46.430,9.39834,9.40066,1.00,1.00
2016.08.04 15:01:46.803,9.39834,9.40066,1.00,1.00
2016.08.04 15:01:47.124,9.39834,9.40066,1.00,1.00
2016.08.04 15:01:47.536,9.39834,9.4005,1.00,1.00
2016.08.04 15:01:47.641,9.39823,9.4005,1.00,1.00
2016.08.04 15:01:48.156,9.39824,9.4005,1.00,1.00
2016.08.04 15:01:48.357,9.39834,9.4005,1.00,1.00
2016.08.04 15:01:48.463,9.39824,9.4005,1.00,1.00
2016.08.04 15:01:48.858,9.39834,9.4005,1.00,1.00
2016.08.04 15:01:49.007,9.39834,9.4005,1.50,1.00
2016.08.04 15:01:49.058,9.39844,9.4005,1.00,1.00
2016.08.04 15:01:49.109,9.39844,9.4005,1.00,1.00
2016.08.04 15:01:49.160,9.39834,9.4005,1.00,1.00
2016.08.04 15:01:49.528,9.39844,9.4005,1.00,1.00
2016.08.04 15:01:50.109,9.39844,9.4005,1.00,1.00
2016.08.04 15:01:50.309,9.39844,9.4005,1.00,1.00
2016.08.04 15:01:50.512,9.39844,9.40069,1.00,1.00
2016.08.04 15:01:51.161,9.39843,9.40069,1.00,1.00
2016.08.04 15:01:51.611,9.39843,9.40069,1.00,1.00
2016.08.04 15:01:52.132,9.39844,9.40069,1.00,1.00
2016.08.04 15:01:52.183,9.39834,9.40069,1.00,1.00
2016.08.04 15:01:52.614,9.39834,9.40069,1.50,1.00
2016.08.04 15:01:52.665,9.39844,9.40069,1.00,1.00
2016.08.04 15:01:53.115,9.39844,9.40069,1.00,1.00
2016.08.04 15:01:53.384,9.39834,9.40069,1.00,1.00
2016.08.04 15:01:54.189,9.39844,9.40069,1.00,1.00
2016.08.04 15:01:54.518,9.39844,9.40069,1.00,1.00
2016.08.04 15:01:55.567,9.39844,9.40069,1.00,1.00
2016.08.04 15:01:56.119,9.39844,9.40069,1.00,1.00
2016.08.04 15:01:56.521,9.39834,9.40069,1.00,1.00
2016.08.04 15:01:57.197,9.39834,9.40069,1.50,1.00
2016.08.04 15:01:57.626,9.39834,9.40069,1.00,1.00
2016.08.04 15:01:57.727,9.39814,9.40069,1.37,1.00
2016.08.04 15:01:58.023,9.39814,9.40069,1.37,1.00
2016.08.04 15:01:58.200,9.39804,9.40069,1.37,1.00
2016.08.04 15:01:58.596,9.39798,9.40069,1.37,1.00
2016.08.04 15:01:58.647,9.39794,9.40046,1.00,1.00
2016.08.04 15:01:58.748,9.39794,9.40026,1.00,1.00
2016.08.04 15:01:58.902,9.39784,9.40026,1.10,1.00
2016.08.04 15:01:59.003,9.39784,9.40007,1.00,1.00
2016.08.04 15:01:59.105,9.39743,9.40007,1.37,1.00
2016.08.04 15:01:59.418,9.39734,9.3999,1.75,1.00
2016.08.04 15:01:59.601,9.39744,9.3999,1.37,1.00
2016.08.04 15:02:00.128,9.39744,9.3999,1.87,1.00
2016.08.04 15:02:00.631,9.39764,9.3999,1.10,1.00
2016.08.04 15:02:00.921,9.39754,9.3999,1.37,1.00
2016.08.04 15:02:01.609,9.39764,9.3999,1.10,1.00
2016.08.04 15:02:01.940,9.39764,9.39973,1.10,1.00
2016.08.04 15:02:02.262,9.39764,9.39973,1.00,1.00
2016.08.04 15:02:02.313,9.39763,9.39973,1.00,1.00
2016.08.04 15:02:02.414,9.39764,9.39973,1.00,1.00
2016.08.04 15:02:02.612,9.39754,9.39973,1.00,1.00
2016.08.04 15:02:03.125,9.39743,9.39973,1.10,1.00
2016.08.04 15:02:03.522,9.39734,9.39973,1.37,1.00
2016.08.04 15:02:03.624,9.39744,9.39973,1.00,1.00
2016.08.04 15:02:03.926,9.39764,9.39973,1.00,1.00
2016.08.04 15:02:04.029,9.39764,9.39984,1.00,1.00
2016.08.04 15:02:04.130,9.39773,9.39984,1.00,1.00
2016.08.04 15:02:05.438,9.39784,9.40008,1.00,1.00
2016.08.04 15:02:05.489,9.39784,9.40008,1.00,1.00
2016.08.04 15:02:05.540,9.39784,9.40026,1.00,1.00
2016.08.04 15:02:05.591,9.39784,9.40026,1.00,1.00
2016.08.04 15:02:05.641,9.39794,9.40026,1.00,1.00
2016.08.04 15:02:06.372,9.39804,9.40026,1.00,1.00
2016.08.04 15:02:06.694,9.39823,9.40026,1.00,1.00
2016.08.04 15:02:06.745,9.39823,9.40044,1.00,1.00
2016.08.04 15:02:06.947,9.39814,9.40044,1.00,1.00
2016.08.04 15:02:07.150,9.39804,9.40044,1.00,1.00
2016.08.04 15:02:08.285,9.39814,9.40044,1.00,1.00
2016.08.04 15:02:08.637,9.39804,9.40044,1.00,1.00
2016.08.04 15:02:09.683,9.39814,9.40044,1.00,1.00
2016.08.04 15:02:10.202,9.39804,9.40044,1.00,1.00
2016.08.04 15:02:10.689,9.39814,9.40044,1.00,1.00
2016.08.04 15:02:12.654,9.39814,9.40061,1.00,1.00
2016.08.04 15:02:13.155,9.39814,9.40043,1.00,1.00
2016.08.04 15:02:13.306,9.39774,9.40043,1.00,1.00
2016.08.04 15:02:13.407,9.39784,9.40043,1.00,1.00
2016.08.04 15:02:14.208,9.39814,9.40043,1.00,1.00
2016.08.04 15:02:14.898,9.39804,9.40043,1.00,1.00
2016.08.04 15:02:15.076,9.39814,9.40043,1.00,1.00
2016.08.04 15:02:15.479,9.39804,9.40043,1.50,1.00
2016.08.04 15:02:15.682,9.39804,9.40043,1.00,1.00
2016.08.04 15:02:16.192,9.39794,9.40043,1.00,1.00
2016.08.04 15:02:16.613,9.39814,9.40043,1.00,1.00
2016.08.04 15:02:16.914,9.39804,9.40043,1.00,1.00
2016.08.04 15:02:17.173,9.39804,9.40025,1.00,1.00
2016.08.04 15:02:17.900,9.39794,9.40025,1.00,1.00
2016.08.04 15:02:18.149,9.39804,9.40025,1.00,1.00
2016.08.04 15:02:18.513,9.39813,9.40025,1.00,1.00
2016.08.04 15:02:18.639,9.39804,9.40025,1.00,1.00
2016.08.04 15:02:18.913,9.39813,9.40025,1.00,1.00
2016.08.04 15:02:19.416,9.39814,9.40025,1.00,1.00
2016.08.04 15:02:19.763,9.39824,9.40025,1.00,1.00
2016.08.04 15:02:20.257,9.39814,9.40025,1.00,1.00
2016.08.04 15:02:20.851,9.39784,9.40042,1.00,1.00
2016.08.04 15:02:21.159,9.39804,9.40042,1.00,1.00
2016.08.04 15:02:21.267,9.39794,9.40042,1.00,1.00
2016.08.04 15:02:21.378,9.39794,9.40024,1.00,1.00
2016.08.04 15:02:22.161,9.39784,9.40024,1.00,1.00
2016.08.04 15:02:22.666,9.39794,9.40024,1.00,1.00
2016.08.04 15:02:23.872,9.39784,9.40024,1.00,1.00
2016.08.04 15:02:24.061,9.39774,9.40024,1.00,1.00
2016.08.04 15:02:24.162,9.39764,9.40024,1.00,1.00
2016.08.04 15:02:24.687,9.39754,9.40024,1.00,1.00
2016.08.04 15:02:24.866,9.39744,9.40024,1.00,1.00
2016.08.04 15:02:25.019,9.39744,9.40006,1.00,1.00
2016.08.04 15:02:25.070,9.39724,9.40006,1.50,1.00
2016.08.04 15:02:25.283,9.39744,9.40006,1.00,1.00
2016.08.04 15:02:25.689,9.39764,9.40006,1.00,1.00
2016.08.04 15:02:26.168,9.39754,9.40006,1.00,1.00
2016.08.04 15:02:27.080,9.39744,9.40006,1.00,1.00
2016.08.04 15:02:27.265,9.39774,9.40006,1.00,1.00
2016.08.04 15:02:27.581,9.39784,9.40006,1.00,1.00
2016.08.04 15:02:27.694,9.39774,9.40006,1.00,1.00
2016.08.04 15:02:27.796,9.39784,9.40006,1.00,1.00
2016.08.04 15:02:28.196,9.39774,9.40006,1.00,1.00
2016.08.04 15:02:28.683,9.39804,9.40006,1.00,1.00
2016.08.04 15:02:29.166,9.39784,9.40006,1.00,1.00
2016.08.04 15:02:29.217,9.39784,9.40024,1.00,1.00
2016.08.04 15:02:29.333,9.39774,9.40024,1.00,1.00
2016.08.04 15:02:29.499,9.39783,9.40024,1.00,1.00
2016.08.04 15:02:30.201,9.39784,9.40024,1.00,1.00
2016.08.04 15:02:30.538,9.39793,9.40024,1.00,1.00
2016.08.04 15:02:30.802,9.39784,9.40024,1.00,1.00
2016.08.04 15:02:31.087,9.39764,9.40024,1.00,1.00
2016.08.04 15:02:31.723,9.39754,9.40024,1.00,1.00
2016.08.04 15:02:31.882,9.39774,9.40024,1.00,1.00
2016.08.04 15:02:32.183,9.39764,9.40024,1.00,1.00
2016.08.04 15:02:32.709,9.39754,9.40024,1.00,1.00
2016.08.04 15:02:32.810,9.39737,9.40024,1.37,1.00
2016.08.04 15:02:32.912,9.39744,9.40005,1.10,1.00
2016.08.04 15:02:33.013,9.39734,9.40005,1.37,1.00
2016.08.04 15:02:33.300,9.39724,9.40005,1.37,1.00
2016.08.04 15:02:33.401,9.39744,9.40005,1.10,1.00
2016.08.04 15:02:33.591,9.39734,9.40005,1.37,1.00
2016.08.04 15:02:34.092,9.39724,9.40005,1.37,1.00
2016.08.04 15:02:34.893,9.39744,9.40005,1.10,1.00
2016.08.04 15:02:35.909,9.39734,9.40005,1.37,1.00
2016.08.04 15:02:36.019,9.39744,9.40005,1.10,1.00
2016.08.04 15:02:36.222,9.39754,9.40005,1.00,1.00
2016.08.04 15:02:36.430,9.39774,9.40005,1.00,1.00
2016.08.04 15:02:36.598,9.39764,9.40005,1.00,1.00
2016.08.04 15:02:36.896,9.39754,9.40005,1.00,1.00
2016.08.04 15:02:37.122,9.39734,9.40005,1.37,1.00
2016.08.04 15:02:37.848,9.39744,9.40005,1.10,1.00
2016.08.04 15:02:37.949,9.39774,9.40005,1.00,1.00
2016.08.04 15:02:38.101,9.39764,9.40005,1.00,1.00
2016.08.04 15:02:38.413,9.39754,9.40005,1.00,1.00
2016.08.04 15:02:39.969,9.39744,9.40005,1.10,1.00
2016.08.04 15:02:40.939,9.39754,9.40005,1.00,1.00
2016.08.04 15:02:41.152,9.39784,9.40005,1.00,1.00
2016.08.04 15:02:41.430,9.39754,9.40025,1.00,1.00
2016.08.04 15:02:42.146,9.39764,9.40025,1.00,1.00
2016.08.04 15:02:42.441,9.39794,9.40025,1.00,1.00
2016.08.04 15:02:42.660,9.39783,9.40043,1.00,1.00
2016.08.04 15:02:42.939,9.39764,9.40043,1.00,1.00
2016.08.04 15:02:43.040,9.39764,9.40025,1.00,1.00
2016.08.04 15:02:44.033,9.39784,9.40023,1.00,1.00
2016.08.04 15:02:44.442,9.39774,9.40023,1.00,1.00
2016.08.04 15:02:45.445,9.39784,9.4004,1.00,1.00
2016.08.04 15:02:45.546,9.39794,9.4004,1.00,1.00
2016.08.04 15:02:45.929,9.39783,9.4004,1.00,1.00
2016.08.04 15:02:46.447,9.39784,9.4004,1.00,1.00
2016.08.04 15:02:47.160,9.39814,9.4004,1.00,1.00
2016.08.04 15:02:47.350,9.39794,9.4004,1.00,1.00
2016.08.04 15:02:48.148,9.39773,9.4004,1.00,1.00
2016.08.04 15:02:48.638,9.39784,9.4004,1.00,1.00
2016.08.04 15:02:48.854,9.39774,9.4004,1.00,1.00
2016.08.04 15:02:49.150,9.39784,9.4004,1.00,1.00
2016.08.04 15:02:50.263,9.39794,9.4006,1.00,1.00
2016.08.04 15:02:50.662,9.39784,9.4006,1.00,1.00
2016.08.04 15:02:50.876,9.39804,9.4006,1.00,1.00
2016.08.04 15:02:50.978,9.39794,9.4006,1.00,1.00
2016.08.04 15:02:51.234,9.39804,9.4006,1.00,1.00
2016.08.04 15:02:51.360,9.39794,9.4006,1.50,1.00
2016.08.04 15:02:51.662,9.39814,9.4006,1.00,1.00
2016.08.04 15:02:52.012,9.39824,9.4006,1.00,1.00
2016.08.04 15:02:52.205,9.39804,9.4006,1.00,1.00
2016.08.04 15:02:52.572,9.39814,9.4006,1.00,1.00
2016.08.04 15:02:53.163,9.39844,9.4006,1.00,1.00
2016.08.04 15:02:53.266,9.39844,9.40078,1.00,1.00
2016.08.04 15:02:53.367,9.39863,9.40078,1.00,1.00
2016.08.04 15:02:53.469,9.39854,9.40078,1.00,1.00
2016.08.04 15:02:53.672,9.39834,9.40078,1.00,1.00
2016.08.04 15:02:53.926,9.39854,9.40078,1.00,1.00
2016.08.04 15:02:54.180,9.39844,9.40078,1.00,1.00
2016.08.04 15:02:55.171,9.39854,9.40078,1.00,1.00
2016.08.04 15:02:55.404,9.39844,9.40078,1.00,1.00
2016.08.04 15:02:56.375,9.39864,9.40096,1.00,1.00
2016.08.04 15:02:58.280,9.39874,9.40096,1.00,1.00
2016.08.04 15:02:58.687,9.39864,9.40096,1.00,1.00
2016.08.04 15:02:59.531,9.39854,9.40096,1.00,1.00
2016.08.04 15:02:59.984,9.39864,9.40096,1.00,1.00
2016.08.04 15:03:02.634,9.39874,9.40096,1.00,1.00
2016.08.04 15:03:04.121,9.39874,9.40107,1.00,1.00
2016.08.04 15:03:06.451,9.39864,9.40107,1.00,1.00
2016.08.04 15:03:07.911,9.39874,9.40107,1.00,1.00
2016.08.04 15:03:09.418,9.39864,9.40107,1.00,1.00
2016.08.04 15:03:10.518,9.39864,9.40126,1.00,1.00
2016.08.04 15:03:10.965,9.39874,9.40126,1.00,1.00
2016.08.04 15:03:11.639,9.39884,9.40126,1.00,1.00
2016.08.04 15:03:12.689,9.39874,9.40126,1.00,1.00
2016.08.04 15:03:13.878,9.39894,9.40126,1.00,1.00
2016.08.04 15:03:14.183,9.39874,9.40126,1.00,1.00
2016.08.04 15:03:14.234,9.39874,9.4011,1.00,1.00
2016.08.04 15:03:14.386,9.39864,9.4011,1.00,1.00
2016.08.04 15:03:14.900,9.39844,9.4011,1.00,1.00
2016.08.04 15:03:14.951,9.39844,9.40088,1.00,1.00
2016.08.04 15:03:16.157,9.39854,9.40088,1.00,1.00
2016.08.04 15:03:20.511,9.39864,9.40088,1.00,1.00
2016.08.04 15:03:20.612,9.39854,9.40088,1.00,1.00
2016.08.04 15:03:20.898,9.39874,9.40088,1.00,1.00
2016.08.04 15:03:20.949,9.39874,9.40106,1.00,1.00
2016.08.04 15:03:21.304,9.39864,9.40106,1.00,1.00
2016.08.04 15:03:21.596,9.39874,9.40106,1.00,1.00
2016.08.04 15:03:23.055,9.39884,9.40106,1.00,1.00
2016.08.04 15:03:23.503,9.39894,9.40106,1.00,1.00
2016.08.04 15:03:23.656,9.39884,9.40106,1.00,1.00
2016.08.04 15:03:24.056,9.39884,9.4011,1.00,1.00
2016.08.04 15:03:25.159,9.39894,9.4011,1.00,1.00
2016.08.04 15:03:26.633,9.39904,9.4011,1.00,1.00
2016.08.04 15:03:26.864,9.39894,9.4011,1.00,1.00
2016.08.04 15:03:28.851,9.39904,9.4011,1.00,1.00
2016.08.04 15:03:31.876,9.39894,9.4011,1.00,1.00
2016.08.04 15:03:32.662,9.39904,9.4011,1.00,1.00
2016.08.04 15:03:32.714,9.39904,9.40127,1.00,1.00
2016.08.04 15:03:34.394,9.39894,9.40127,1.00,1.00
2016.08.04 15:03:34.648,9.39904,9.40127,1.00,1.00
2016.08.04 15:03:35.208,9.39894,9.40127,1.00,1.00
2016.08.04 15:03:35.411,9.39903,9.40127,1.00,1.00
2016.08.04 15:03:37.616,9.39914,9.40127,1.00,1.00
2016.08.04 15:03:37.916,9.39904,9.40127,1.00,1.00
2016.08.04 15:03:40.736,9.39884,9.40127,1.00,1.00
2016.08.04 15:03:41.427,9.39894,9.40127,1.00,1.00
2016.08.04 15:03:42.382,9.39874,9.40127,1.00,1.00
2016.08.04 15:03:42.603,9.39874,9.4011,1.00,1.00
2016.08.04 15:03:43.156,9.39873,9.4011,1.00,1.00
2016.08.04 15:03:43.686,9.39874,9.4011,1.00,1.00
2016.08.04 15:03:45.140,9.39884,9.4011,1.00,1.00
2016.08.04 15:03:45.588,9.39874,9.4011,1.00,1.00
2016.08.04 15:03:45.641,9.39884,9.4011,1.00,1.00
2016.08.04 15:03:46.390,9.39874,9.4011,1.00,1.00
2016.08.04 15:03:46.779,9.39884,9.4011,1.00,1.00
2016.08.04 15:03:48.393,9.39874,9.4011,1.00,1.00
2016.08.04 15:03:48.495,9.39884,9.4011,1.00,1.00
2016.08.04 15:03:49.658,9.39894,9.4011,1.00,1.00
2016.08.04 15:03:51.028,9.39894,9.40134,1.00,1.00
2016.08.04 15:03:51.129,9.39894,9.40152,1.00,1.12
2016.08.04 15:03:51.231,9.39904,9.40152,1.00,1.00
2016.08.04 15:03:51.397,9.39894,9.40152,1.00,1.00
2016.08.04 15:03:53.398,9.39904,9.40152,1.00,1.00
2016.08.04 15:03:54.428,9.39904,9.40175,1.00,1.00
2016.08.04 15:03:54.529,9.39905,9.40192,1.00,1.00
2016.08.04 15:03:54.631,9.39924,9.40192,1.00,1.00
2016.08.04 15:03:54.732,9.39924,9.40192,1.00,1.00
2016.08.04 15:03:54.902,9.39914,9.40192,1.00,1.00
2016.08.04 15:03:55.585,9.39914,9.40192,1.37,1.00
2016.08.04 15:03:55.887,9.39924,9.40192,1.37,1.00
2016.08.04 15:03:56.237,9.39924,9.40175,1.37,1.00
2016.08.04 15:03:56.390,9.39914,9.40175,1.37,1.00
2016.08.04 15:03:56.492,9.39914,9.40175,1.00,1.00
2016.08.04 15:03:56.870,9.39914,9.40157,1.00,1.00
2016.08.04 15:03:58.908,9.39913,9.40157,1.00,1.00
2016.08.04 15:03:59.009,9.39904,9.40157,1.00,1.00
2016.08.04 15:04:00.860,9.39914,9.40157,1.00,1.00
2016.08.04 15:04:01.838,9.39934,9.40157,1.00,1.00
2016.08.04 15:04:01.950,9.39944,9.40174,1.00,1.00
2016.08.04 15:04:02.359,9.39954,9.40174,1.00,1.00
2016.08.04 15:04:02.461,9.39944,9.40174,1.00,1.00
2016.08.04 15:04:04.064,9.39944,9.40177,1.00,1.00
2016.08.04 15:04:04.469,9.39934,9.40177,1.00,1.00
2016.08.04 15:04:05.467,9.39914,9.40177,1.00,1.00
2016.08.04 15:04:05.676,9.39904,9.4016,1.00,1.00
2016.08.04 15:04:05.880,9.39883,9.4016,1.00,1.00
2016.08.04 15:04:06.161,9.39874,9.4016,1.00,1.00
2016.08.04 15:04:06.212,9.39874,9.40127,1.00,1.00
2016.08.04 15:04:06.530,9.39884,9.40067,1.00,1.00
2016.08.04 15:04:06.580,9.39884,9.40112,1.00,1.00
2016.08.04 15:04:06.631,9.39884,9.40103,1.00,1.00
2016.08.04 15:04:06.935,9.39874,9.40082,1.00,1.00
2016.08.04 15:04:06.986,9.39874,9.40101,1.00,1.00
2016.08.04 15:04:07.138,9.39874,9.40086,1.00,1.00
2016.08.04 15:04:07.289,9.39864,9.40084,1.00,1.00
2016.08.04 15:04:07.659,9.39874,9.40084,1.00,1.00
2016.08.04 15:04:07.761,9.39874,9.40101,1.00,1.00
2016.08.04 15:04:07.862,9.39864,9.40101,1.00,1.00
2016.08.04 15:04:08.179,9.39873,9.40101,1.00,1.00
2016.08.04 15:04:08.382,9.39864,9.40101,1.00,1.00
2016.08.04 15:04:08.666,9.39854,9.40101,1.00,1.00
2016.08.04 15:04:09.639,9.39854,9.40056,1.00,1.00
2016.08.04 15:04:09.691,9.39814,9.40056,1.37,1.00
2016.08.04 15:04:09.742,9.39814,9.40069,1.37,1.00
2016.08.04 15:04:09.793,9.39794,9.40049,1.00,1.00
2016.08.04 15:04:10.097,9.39794,9.40032,1.00,1.00
2016.08.04 15:04:10.388,9.39784,9.40032,1.00,1.00
2016.08.04 15:04:10.685,9.39793,9.40032,1.00,1.00
2016.08.04 15:04:10.787,9.39793,9.40032,1.00,1.00
2016.08.04 15:04:11.136,9.39804,9.40032,1.00,1.00
2016.08.04 15:04:11.377,9.39804,9.40049,1.00,1.00
2016.08.04 15:04:11.888,9.39814,9.40049,1.00,1.00
2016.08.04 15:04:12.673,9.39833,9.40066,1.00,1.00
2016.08.04 15:04:12.890,9.39824,9.40066,1.00,1.00
2016.08.04 15:04:13.092,9.39814,9.40066,1.00,1.00
2016.08.04 15:04:13.295,9.39804,9.40066,1.00,1.00
2016.08.04 15:04:13.980,9.39794,9.40066,1.00,1.00
2016.08.04 15:04:14.463,9.39804,9.40066,1.00,1.00
2016.08.04 15:04:14.514,9.39866,9.40086,1.00,1.00
2016.08.04 15:04:14.565,9.39866,9.40109,1.00,1.00
2016.08.04 15:04:14.616,9.39866,9.40129,1.00,1.37
2016.08.04 15:04:14.667,9.39866,9.40139,1.00,1.00
2016.08.04 15:04:14.816,9.39876,9.40163,1.00,1.00
2016.08.04 15:04:14.978,9.39895,9.40182,1.00,1.00
2016.08.04 15:04:15.079,9.39895,9.40182,1.00,1.00
2016.08.04 15:04:15.683,9.39878,9.40165,1.00,1.00
2016.08.04 15:04:16.904,9.39882,9.40165,1.00,1.00
2016.08.04 15:04:17.103,9.39895,9.40182,1.00,1.00
2016.08.04 15:04:18.885,9.39912,9.40199,1.00,1.00
2016.08.04 15:04:20.257,9.39912,9.40199,1.00,1.00
2016.08.04 15:04:21.231,9.39912,9.40199,1.00,1.00
2016.08.04 15:04:22.031,9.39912,9.40199,1.00,1.00
2016.08.04 15:04:23.031,9.39912,9.40199,1.00,1.00
2016.08.04 15:04:23.683,9.39912,9.40199,1.00,1.00
2016.08.04 15:04:24.133,9.39923,9.4021,1.00,1.00
2016.08.04 15:04:24.656,9.39923,9.4021,1.00,1.00
2016.08.04 15:04:25.434,9.39923,9.4021,1.00,1.00
2016.08.04 15:04:25.741,9.39944,9.4021,1.00,1.00
2016.08.04 15:04:25.792,9.39944,9.4023,1.50,1.00
2016.08.04 15:04:25.990,9.39964,9.40251,1.00,1.00
2016.08.04 15:04:26.308,9.39964,9.40251,1.00,1.00
2016.08.04 15:04:27.036,9.39944,9.40233,1.00,1.00
2016.08.04 15:04:28.742,9.39944,9.40233,1.10,1.00
2016.08.04 15:04:28.793,9.39944,9.40233,1.57,1.00
2016.08.04 15:04:28.844,9.39963,9.40252,1.00,1.00
2016.08.04 15:04:29.927,9.39964,9.40252,1.00,1.00
2016.08.04 15:04:30.454,9.39963,9.40252,1.00,1.00
2016.08.04 15:04:30.708,9.39963,9.40252,1.00,1.00
2016.08.04 15:04:31.133,9.39947,9.40234,1.00,1.00
2016.08.04 15:04:31.438,9.39934,9.40215,1.00,1.00
2016.08.04 15:04:31.767,9.39944,9.40215,1.00,1.00
2016.08.04 15:04:32.146,9.39945,9.40232,1.00,1.00
2016.08.04 15:04:33.360,9.39954,9.40232,1.00,1.00
2016.08.04 15:04:33.710,9.39954,9.40196,1.00,1.00
2016.08.04 15:04:33.862,9.39944,9.40196,1.00,1.00
2016.08.04 15:04:34.153,9.39924,9.40196,1.00,1.00
2016.08.04 15:04:34.288,9.39924,9.40196,1.00,1.00
2016.08.04 15:04:34.688,9.39934,9.40196,1.00,1.00
2016.08.04 15:04:35.155,9.39924,9.40196,1.00,1.00
2016.08.04 15:04:35.398,9.39934,9.40196,1.00,1.00
2016.08.04 15:04:35.449,9.39934,9.40213,1.00,1.00
2016.08.04 15:04:35.506,9.39926,9.40213,1.00,1.00
2016.08.04 15:04:35.906,9.39934,9.40213,1.00,1.00
2016.08.04 15:04:36.212,9.39926,9.40213,1.37,1.00
2016.08.04 15:04:36.967,9.39926,9.40213,1.00,1.00
2016.08.04 15:04:40.096,9.39934,9.40213,1.00,1.00
2016.08.04 15:04:40.249,9.39943,9.4023,1.00,1.00
2016.08.04 15:04:40.452,9.39959,9.40248,1.00,1.00
2016.08.04 15:04:41.057,9.39959,9.40248,1.00,1.00
2016.08.04 15:04:41.947,9.39959,9.40248,1.00,1.00
2016.08.04 15:04:44.025,9.3995,9.40237,1.00,1.00
2016.08.04 15:04:44.228,9.39968,9.40255,1.00,1.00
2016.08.04 15:04:44.672,9.39948,9.40235,1.87,1.00
2016.08.04 15:04:44.723,9.39948,9.40235,1.37,1.00
2016.08.04 15:04:45.259,9.39934,9.40213,1.75,1.00
2016.08.04 15:04:45.360,9.39934,9.40213,1.37,1.00
2016.08.04 15:04:45.983,9.39934,9.40213,1.00,1.00
2016.08.04 15:04:46.135,9.39924,9.40213,1.50,1.00
2016.08.04 15:04:46.428,9.39924,9.40213,1.50,1.00
2016.08.04 15:04:46.479,9.39907,9.40194,1.00,1.00
2016.08.04 15:04:46.530,9.39907,9.40194,1.00,1.00
2016.08.04 15:04:46.580,9.39894,9.40168,1.00,1.00
2016.08.04 15:04:47.385,9.39884,9.40168,1.00,1.00
2016.08.04 15:04:47.636,9.39874,9.40151,1.00,1.00
2016.08.04 15:04:48.030,9.39884,9.40151,1.00,1.00
2016.08.04 15:04:48.938,9.39894,9.40151,1.00,1.00
2016.08.04 15:04:49.867,9.39904,9.40151,1.00,1.00
2016.08.04 15:04:50.989,9.39894,9.40151,1.00,1.00
2016.08.04 15:04:51.178,9.39904,9.40151,1.00,1.00
2016.08.04 15:04:51.397,9.39894,9.40151,1.00,1.00
2016.08.04 15:04:51.448,9.39904,9.40151,1.00,1.00
2016.08.04 15:04:52.068,9.39894,9.40151,1.00,1.00
2016.08.04 15:04:52.401,9.39884,9.40151,1.00,1.00
2016.08.04 15:04:52.702,9.39894,9.40151,1.00,1.00
2016.08.04 15:04:52.873,9.39874,9.40151,1.00,1.00
2016.08.04 15:04:53.302,9.39884,9.40151,1.00,1.00
2016.08.04 15:04:53.403,9.39874,9.40151,1.00,1.00
2016.08.04 15:04:53.505,9.39893,9.40151,1.00,1.00
2016.08.04 15:04:53.656,9.39916,9.40203,1.00,1.37
2016.08.04 15:04:53.707,9.39916,9.40203,1.00,1.00
2016.08.04 15:04:53.855,9.39916,9.40203,1.00,1.00
2016.08.04 15:04:54.159,9.39935,9.40222,1.00,1.00
2016.08.04 15:04:54.210,9.39935,9.40222,1.50,1.00
2016.08.04 15:04:54.361,9.39952,9.40239,1.00,1.00
2016.08.04 15:04:57.670,9.39935,9.40222,1.00,1.00
2016.08.04 15:04:58.420,9.39935,9.40222,1.00,1.00
2016.08.04 15:04:58.779,9.39935,9.40222,1.00,1.00
2016.08.04 15:04:58.881,9.39954,9.40242,1.00,1.00
2016.08.04 15:04:59.224,9.39954,9.40243,1.00,1.00
2016.08.04 15:05:00.182,9.39954,9.40243,1.00,1.00
2016.08.04 15:05:00.762,9.39943,9.40226,1.00,1.00
2016.08.04 15:05:00.964,9.39943,9.40226,1.12,1.00
2016.08.04 15:05:01.933,9.39937,9.40226,1.00,1.00
2016.08.04 15:05:02.290,9.39937,9.40226,1.00,1.00
2016.08.04 15:05:02.392,9.39919,9.40206,1.37,1.00
2016.08.04 15:05:02.767,9.39914,9.40184,1.37,1.00
2016.08.04 15:05:02.919,9.39914,9.40184,1.00,1.00
2016.08.04 15:05:03.180,9.39897,9.40184,1.00,1.00
2016.08.04 15:05:03.281,9.3988,9.40167,1.00,1.00
2016.08.04 15:05:03.437,9.3988,9.40167,1.00,1.50
2016.08.04 15:05:03.591,9.39864,9.40147,1.00,1.00
2016.08.04 15:05:04.070,9.39864,9.4015,1.00,1.00
2016.08.04 15:05:04.576,9.39863,9.4015,1.00,1.00
2016.08.04 15:05:04.677,9.39844,9.40124,1.00,1.00
2016.08.04 15:05:05.006,9.39854,9.40124,1.00,1.00
2016.08.04 15:05:07.460,9.39863,9.40124,1.00,1.00
2016.08.04 15:05:07.843,9.39874,9.40124,1.00,1.00
2016.08.04 15:05:07.963,9.39864,9.40124,1.00,1.00
2016.08.04 15:05:08.192,9.39874,9.40124,1.00,1.00
2016.08.04 15:05:09.066,9.39864,9.40124,1.00,1.00
2016.08.04 15:05:09.393,9.39854,9.40124,1.00,1.00
2016.08.04 15:05:10.236,9.39894,9.40124,1.00,1.00
2016.08.04 15:05:10.288,9.39972,9.40186,1.00,1.10
2016.08.04 15:05:10.338,9.39972,9.40186,1.00,1.00
2016.08.04 15:05:10.389,9.39972,9.40226,1.00,1.00
2016.08.04 15:05:10.440,9.39972,9.40226,1.00,1.00
2016.08.04 15:05:10.491,9.39922,9.40211,1.00,1.00
2016.08.04 15:05:10.795,9.39884,9.40168,1.00,1.00
2016.08.04 15:05:10.897,9.39881,9.40168,1.00,1.00
2016.08.04 15:05:11.188,9.39884,9.40168,1.00,1.00
2016.08.04 15:05:12.178,9.39881,9.40168,1.00,1.00
2016.08.04 15:05:12.229,9.39864,9.40151,1.50,1.00
2016.08.04 15:05:12.498,9.39883,9.40151,1.00,1.00
2016.08.04 15:05:12.660,9.39874,9.40151,1.00,1.00
2016.08.04 15:05:13.076,9.39864,9.40151,1.50,1.00
2016.08.04 15:05:13.387,9.39864,9.40151,1.00,1.00
2016.08.04 15:05:13.489,9.39854,9.40133,1.00,1.00
2016.08.04 15:05:13.800,9.39874,9.40133,1.00,1.00
2016.08.04 15:05:13.901,9.39864,9.40133,1.00,1.00
2016.08.04 15:05:14.078,9.39874,9.40133,1.00,1.00
2016.08.04 15:05:14.180,9.39962,9.40133,1.00,1.00
2016.08.04 15:05:14.302,9.39976,9.40157,1.00,1.00
2016.08.04 15:05:14.404,9.39976,9.40236,1.00,1.50
2016.08.04 15:05:14.506,9.39977,9.40236,1.00,1.00
2016.08.04 15:05:14.709,9.39977,9.40246,1.00,1.00
2016.08.04 15:05:14.861,9.39977,9.40253,1.00,1.00
2016.08.04 15:05:14.912,9.39977,9.40253,1.00,1.00
2016.08.04 15:05:15.014,9.39983,9.40266,1.00,1.00
2016.08.04 15:05:15.475,9.39983,9.4027,1.00,1.00
2016.08.04 15:05:16.815,9.39983,9.40257,1.00,1.00
2016.08.04 15:05:17.407,9.39983,9.40266,1.00,1.00
2016.08.04 15:05:18.491,9.39983,9.40266,1.00,1.00
2016.08.04 15:05:18.792,9.39991,9.40266,1.00,1.00
2016.08.04 15:05:19.205,9.39991,9.4027,1.00,1.00
2016.08.04 15:05:19.445,9.40001,9.40288,1.00,1.00
2016.08.04 15:05:19.719,9.40001,9.40277,1.00,1.00
2016.08.04 15:05:20.762,9.40001,9.40288,1.00,1.00
2016.08.04 15:05:21.527,9.39988,9.40268,1.00,1.00
2016.08.04 15:05:21.848,9.39998,9.40285,1.00,1.00
2016.08.04 15:05:22.108,9.39998,9.40285,1.00,1.00
2016.08.04 15:05:23.968,9.39998,9.40285,1.00,1.00
2016.08.04 15:05:25.508,9.39998,9.40285,1.00,1.00
2016.08.04 15:05:26.539,9.39988,9.40269,1.00,1.00
2016.08.04 15:05:26.590,9.39984,9.40269,1.00,1.00
2016.08.04 15:05:26.917,9.39982,9.40269,1.00,1.00
2016.08.04 15:05:27.317,9.40001,9.40288,1.00,1.00
2016.08.04 15:05:27.719,9.39984,9.40269,1.00,1.00
2016.08.04 15:05:28.504,9.3998,9.40269,1.00,1.00
2016.08.04 15:05:28.707,9.3998,9.40269,1.00,1.00
2016.08.04 15:05:29.660,9.3998,9.40269,1.00,1.00
2016.08.04 15:05:29.761,9.39974,9.4025,1.00,1.00
2016.08.04 15:05:29.863,9.39974,9.40222,1.00,1.00
2016.08.04 15:05:29.965,9.39944,9.40203,1.00,1.00
2016.08.04 15:05:30.016,9.39944,9.40203,1.00,1.00
2016.08.04 15:05:30.168,9.39934,9.40203,1.00,1.00
2016.08.04 15:05:30.426,9.39924,9.40203,1.00,1.00
2016.08.04 15:05:31.026,9.39924,9.40186,1.00,1.00
2016.08.04 15:05:31.335,9.39923,9.40186,1.00,1.00
2016.08.04 15:05:31.878,9.39924,9.40186,1.00,1.00
2016.08.04 15:05:32.835,9.39934,9.40186,1.00,1.00
2016.08.04 15:05:34.888,9.39904,9.40186,1.00,1.00
2016.08.04 15:05:35.045,9.39904,9.40152,1.00,1.00
2016.08.04 15:05:36.166,9.39894,9.40152,1.00,1.00
2016.08.04 15:05:37.390,9.39874,9.40152,1.00,1.00
2016.08.04 15:05:37.440,9.39874,9.40135,1.00,1.00
2016.08.04 15:05:38.395,9.39884,9.40135,1.00,1.00
2016.08.04 15:05:39.899,9.39874,9.40135,1.00,1.00
2016.08.04 15:05:40.662,9.39873,9.40135,1.00,1.00
2016.08.04 15:05:41.204,9.39884,9.40135,1.00,1.00
2016.08.04 15:05:42.870,9.39883,9.40135,1.00,1.00
2016.08.04 15:05:43.352,9.39884,9.40118,1.00,1.00
2016.08.04 15:05:43.403,9.39874,9.40118,1.00,1.00
2016.08.04 15:05:44.111,9.39874,9.4012,1.00,1.00
2016.08.04 15:05:44.412,9.39864,9.4012,1.00,1.00
2016.08.04 15:05:44.878,9.39874,9.4012,1.00,1.00
2016.08.04 15:05:47.766,9.39874,9.40137,1.00,1.00
2016.08.04 15:05:49.924,9.39884,9.40137,1.00,1.00
2016.08.04 15:05:52.113,9.39894,9.40137,1.00,1.00
2016.08.04 15:05:58.131,9.39884,9.40137,1.00,1.00
2016.08.04 15:05:58.634,9.39894,9.40137,1.00,1.00
2016.08.04 15:05:58.853,9.39884,9.40137,1.00,1.00
2016.08.04 15:05:59.337,9.39894,9.40137,1.00,1.00
2016.08.04 15:06:01.342,9.39903,9.40137,1.00,1.00
2016.08.04 15:06:02.060,9.39904,9.40137,1.00,1.00
2016.08.04 15:06:02.347,9.39893,9.40137,1.00,1.00
2016.08.04 15:06:02.662,9.39884,9.40137,1.00,1.00
2016.08.04 15:06:02.893,9.39894,9.40137,1.00,1.00
2016.08.04 15:06:03.197,9.39904,9.40155,1.00,1.00
2016.08.04 15:06:03.399,9.39914,9.40155,1.00,1.00
2016.08.04 15:06:03.508,9.39914,9.40173,1.00,1.00
2016.08.04 15:06:03.662,9.39904,9.40173,1.00,1.00
2016.08.04 15:06:03.820,9.39904,9.40156,1.00,1.00
2016.08.04 15:06:04.181,9.39934,9.40156,1.00,1.00
2016.08.04 15:06:04.234,9.39934,9.40176,1.00,1.00
2016.08.04 15:06:04.285,9.39934,9.40204,1.00,1.00
2016.08.04 15:06:04.597,9.39954,9.40205,1.00,1.00
2016.08.04 15:06:04.704,9.39964,9.40205,1.00,1.00
2016.08.04 15:06:04.917,9.39964,9.40223,1.00,1.00
2016.08.04 15:06:05.172,9.39954,9.40223,1.00,1.00
2016.08.04 15:06:06.216,9.39974,9.40223,1.00,1.00
2016.08.04 15:06:07.218,9.39964,9.40223,1.00,1.00
2016.08.04 15:06:07.720,9.39974,9.40223,1.00,1.00
2016.08.04 15:06:10.125,9.39984,9.40223,1.00,1.00
2016.08.04 15:06:10.906,9.39974,9.40223,1.00,1.00
2016.08.04 15:06:11.132,9.39984,9.40223,1.00,1.00
2016.08.04 15:06:11.183,9.39984,9.40223,1.00,1.00
2016.08.04 15:06:11.234,9.39984,9.40241,1.00,1.00
2016.08.04 15:06:11.399,9.39984,9.40241,1.37,1.00
2016.08.04 15:06:11.450,9.39974,9.40258,1.37,1.00
2016.08.04 15:06:12.131,9.39984,9.40258,1.37,1.00
2016.08.04 15:06:12.431,9.39984,9.40258,1.87,1.00
2016.08.04 15:06:12.608,9.39994,9.40258,1.12,1.00
2016.08.04 15:06:12.709,9.40004,9.40258,1.00,1.00
2016.08.04 15:06:13.814,9.40004,9.40275,1.00,1.00
2016.08.04 15:06:13.932,9.40004,9.40275,1.37,1.00
2016.08.04 15:06:14.567,9.40003,9.40275,1.37,1.00
2016.08.04 15:06:14.739,9.39994,9.40275,1.37,1.00
2016.08.04 15:06:14.841,9.39988,9.40275,1.75,1.00
2016.08.04 15:06:15.889,9.39988,9.40275,1.37,1.00
2016.08.04 15:06:17.039,9.39971,9.40258,1.75,1.00
2016.08.04 15:06:17.090,9.39971,9.40258,1.75,1.00
2016.08.04 15:06:17.193,9.39971,9.40146,1.75,1.00
2016.08.04 15:06:17.244,9.39966,9.40126,1.00,1.00
2016.08.04 15:06:17.446,9.39883,9.40132,1.00,3.75
2016.08.04 15:06:17.498,9.39883,9.40099,1.00,1.37
2016.08.04 15:06:17.549,9.39824,9.40079,1.00,1.37
2016.08.04 15:06:17.651,9.39824,9.40062,1.00,1.00
2016.08.04 15:06:17.702,9.39824,9.40046,1.00,1.00
2016.08.04 15:06:17.753,9.39824,9.40027,1.00,1.00
2016.08.04 15:06:18.211,9.39824,9.40027,1.00,1.37
2016.08.04 15:06:18.678,9.39813,9.40027,1.00,1.37
2016.08.04 15:06:18.779,9.39813,9.40027,1.00,1.37
2016.08.04 15:06:18.881,9.39813,9.40027,1.00,1.00
2016.08.04 15:06:18.932,9.39814,9.40046,1.00,1.00
2016.08.04 15:06:19.034,9.39814,9.40067,1.00,1.00
2016.08.04 15:06:19.085,9.39814,9.4007,1.00,1.00
2016.08.04 15:06:19.643,9.39824,9.4007,1.00,1.00
2016.08.04 15:06:19.745,9.39824,9.4007,1.00,1.00
2016.08.04 15:06:19.962,9.39824,9.40088,1.00,1.37
2016.08.04 15:06:20.056,9.39824,9.40088,1.00,1.00
2016.08.04 15:06:20.386,9.39824,9.40088,1.00,1.00
2016.08.04 15:06:20.730,9.39814,9.40088,1.00,1.00
2016.08.04 15:06:21.757,9.39794,9.40069,1.00,1.00
2016.08.04 15:06:21.808,9.39794,9.40069,1.00,1.00
2016.08.04 15:06:21.859,9.39773,9.39997,1.00,1.00
2016.08.04 15:06:21.910,9.39773,9.39997,1.00,1.00
2016.08.04 15:06:21.961,9.3969,9.39966,1.00,1.00
2016.08.04 15:06:22.011,9.39687,9.39966,1.00,1.00
2016.08.04 15:06:22.063,9.39667,9.39871,1.00,1.00
2016.08.04 15:06:22.113,9.39614,9.39871,1.37,1.00
2016.08.04 15:06:22.256,9.39654,9.39867,1.00,1.00
2016.08.04 15:06:22.311,9.39654,9.39924,1.50,1.00
2016.08.04 15:06:22.361,9.39655,9.39942,1.37,1.00
2016.08.04 15:06:22.412,9.39655,9.39942,1.75,1.00
2016.08.04 15:06:22.463,9.39684,9.39962,1.37,1.00
2016.08.04 15:06:23.011,9.39684,9.39963,1.37,1.00
2016.08.04 15:06:23.319,9.39693,9.39963,1.37,1.00
2016.08.04 15:06:23.370,9.39724,9.39963,1.00,1.00
2016.08.04 15:06:23.676,9.39724,9.3998,1.00,1.00
2016.08.04 15:06:23.863,9.39734,9.3998,1.00,1.00
2016.08.04 15:06:24.087,9.39734,9.39998,1.00,1.00
2016.08.04 15:06:24.189,9.39714,9.39998,1.00,1.00
2016.08.04 15:06:25.191,9.39734,9.39998,1.00,1.00
2016.08.04 15:06:25.367,9.39724,9.39998,1.00,1.00
2016.08.04 15:06:27.322,9.39724,9.39998,1.00,1.37
2016.08.04 15:06:27.424,9.39724,9.39987,1.00,1.00
2016.08.04 15:06:27.476,9.3966,9.39942,1.37,1.00
2016.08.04 15:06:27.527,9.39655,9.39942,1.75,1.00
2016.08.04 15:06:27.577,9.39654,9.39923,1.37,1.00
2016.08.04 15:06:27.679,9.39644,9.39923,1.37,1.00
2016.08.04 15:06:27.830,9.39644,9.39923,1.37,1.00
2016.08.04 15:06:27.881,9.39653,9.3994,1.37,1.00
2016.08.04 15:06:28.109,9.39653,9.3994,1.37,1.00
2016.08.04 15:06:28.335,9.39664,9.3994,1.00,1.00
2016.08.04 15:06:28.459,9.39664,9.39922,1.00,1.00
2016.08.04 15:06:28.561,9.39674,9.39922,1.00,1.00
2016.08.04 15:06:29.638,9.39683,9.39922,1.00,1.00
2016.08.04 15:06:29.841,9.39654,9.39922,1.00,1.00
2016.08.04 15:06:29.892,9.39644,9.39922,1.87,1.00
2016.08.04 15:06:30.333,9.39668,9.39922,1.00,1.00
2016.08.04 15:06:30.384,9.39709,9.39941,1.00,1.00
2016.08.04 15:06:30.434,9.39709,9.39976,1.10,1.00
2016.08.04 15:06:30.485,9.39727,9.39976,1.00,1.00
2016.08.04 15:06:30.537,9.39727,9.39976,1.00,1.00
2016.08.04 15:06:30.588,9.39766,9.39966,1.00,1.00
2016.08.04 15:06:30.638,9.39766,9.39966,1.00,1.00
2016.08.04 15:06:30.689,9.39746,9.39992,1.00,1.37
2016.08.04 15:06:30.740,9.39738,9.39992,1.00,1.37
2016.08.04 15:06:30.792,9.39717,9.39961,1.00,1.00
2016.08.04 15:06:30.932,9.39693,9.39961,1.00,1.00
2016.08.04 15:06:31.042,9.39674,9.39961,1.37,1.00
2016.08.04 15:06:31.095,9.39754,9.39961,1.00,1.00
2016.08.04 15:06:31.198,9.39754,9.39993,1.00,1.00
2016.08.04 15:06:31.249,9.39754,9.40013,1.00,1.00
2016.08.04 15:06:31.300,9.39754,9.40014,1.00,1.00
2016.08.04 15:06:31.351,9.39754,9.40031,1.00,1.00
2016.08.04 15:06:31.401,9.39744,9.40031,1.37,1.00
2016.08.04 15:06:32.088,9.39734,9.40013,1.37,1.00
2016.08.04 15:06:32.437,9.39744,9.40013,1.37,1.00
2016.08.04 15:06:32.597,9.39745,9.40032,1.37,1.00
2016.08.04 15:06:33.462,9.39727,9.40014,1.37,1.00
2016.08.04 15:06:33.614,9.39734,9.40014,1.37,1.00
2016.08.04 15:06:33.715,9.39727,9.40014,1.37,1.00
2016.08.04 15:06:34.094,9.39744,9.40014,1.37,1.00
2016.08.04 15:06:34.354,9.39747,9.40034,1.10,1.00
2016.08.04 15:06:34.405,9.39747,9.40036,1.10,1.00
2016.08.04 15:06:34.662,9.39734,9.40019,1.37,1.00
2016.08.04 15:06:35.442,9.39744,9.40019,1.37,1.00
2016.08.04 15:06:35.543,9.39734,9.40019,1.37,1.00
2016.08.04 15:06:35.685,9.39744,9.40019,1.37,1.00
2016.08.04 15:06:36.444,9.39764,9.40019,1.00,1.00
2016.08.04 15:06:36.657,9.39754,9.40019,1.00,1.00
2016.08.04 15:06:36.708,9.39754,9.40037,1.00,1.00
2016.08.04 15:06:36.917,9.39764,9.40037,1.00,1.00
2016.08.04 15:06:36.967,9.39767,9.40054,1.00,1.00
2016.08.04 15:06:37.018,9.39767,9.40054,1.10,1.00
2016.08.04 15:06:37.416,9.39746,9.40035,1.37,1.00
2016.08.04 15:06:38.104,9.39774,9.40035,1.00,1.00
2016.08.04 15:06:38.206,9.39774,9.40055,1.00,1.00
2016.08.04 15:06:38.417,9.39784,9.40055,1.00,1.00
2016.08.04 15:06:38.468,9.39784,9.40055,1.37,1.00
2016.08.04 15:06:38.519,9.39786,9.40073,1.12,1.00
2016.08.04 15:06:38.620,9.39797,9.40073,1.00,1.00
2016.08.04 15:06:38.671,9.39797,9.40073,1.37,1.00
2016.08.04 15:06:38.721,9.39817,9.40104,1.00,1.00
2016.08.04 15:06:38.873,9.39834,9.40121,1.00,1.00
2016.08.04 15:06:39.871,9.39834,9.40121,1.00,1.00
2016.08.04 15:06:40.715,9.39834,9.40116,1.00,1.00
2016.08.04 15:06:41.156,9.39834,9.40121,1.00,1.00
2016.08.04 15:06:44.124,9.39832,9.40119,1.00,1.00
2016.08.04 15:06:46.608,9.39852,9.40139,1.00,1.50
2016.08.04 15:06:46.659,9.39852,9.40139,1.00,1.00
2016.08.04 15:06:47.340,9.3987,9.40159,1.00,1.00
2016.08.04 15:06:47.711,9.3987,9.40159,1.00,1.00
2016.08.04 15:06:55.562,9.39874,9.40159,1.00,1.00
2016.08.04 15:06:56.265,9.3987,9.40159,1.00,1.00
2016.08.04 15:06:59.614,9.39854,9.40141,1.00,1.00
2016.08.04 15:07:03.733,9.39834,9.40121,1.87,1.00
2016.08.04 15:07:03.783,9.39834,9.40121,1.37,1.00
2016.08.04 15:07:03.834,9.39814,9.40099,1.50,1.00
2016.08.04 15:07:03.885,9.39812,9.40099,1.75,1.00
2016.08.04 15:07:03.936,9.39814,9.40099,1.50,1.00
2016.08.04 15:07:03.986,9.39814,9.40099,1.00,1.00
2016.08.04 15:07:04.088,9.39823,9.40112,1.00,1.00
2016.08.04 15:07:04.424,9.39823,9.40112,1.50,1.00
2016.08.04 15:07:05.093,9.39823,9.40112,1.00,1.00
2016.08.04 15:07:05.523,9.39824,9.40112,1.00,1.00
2016.08.04 15:07:06.026,9.39823,9.40112,1.00,1.00
2016.08.04 15:07:07.109,9.39823,9.40112,1.50,1.00
2016.08.04 15:07:07.639,9.39834,9.40112,1.00,1.00
2016.08.04 15:07:08.912,9.39824,9.40112,1.00,1.00
2016.08.04 15:07:09.133,9.39834,9.40112,1.00,1.00
2016.08.04 15:07:09.446,9.39824,9.40112,1.00,1.00
2016.08.04 15:07:09.727,9.39834,9.40112,1.00,1.00
2016.08.04 15:07:11.134,9.39844,9.40112,1.00,1.00
2016.08.04 15:07:11.340,9.39834,9.40112,1.00,1.00
2016.08.04 15:07:11.392,9.39843,9.40132,1.00,1.00
2016.08.04 15:07:12.489,9.39833,9.40114,1.00,1.00
2016.08.04 15:07:12.640,9.39827,9.40114,1.00,1.00
2016.08.04 15:07:13.641,9.39834,9.40114,1.00,1.00
2016.08.04 15:07:13.956,9.39827,9.40114,1.00,1.00
2016.08.04 15:07:14.166,9.3981,9.40097,1.00,1.00
2016.08.04 15:07:14.369,9.39813,9.40097,1.00,1.00
2016.08.04 15:07:14.641,9.3981,9.40097,1.00,1.00
2016.08.04 15:07:16.463,9.39793,9.4008,1.37,1.00
2016.08.04 15:07:16.615,9.39793,9.4008,1.00,1.00
2016.08.04 15:07:17.178,9.39776,9.40063,1.37,1.00
2016.08.04 15:07:17.279,9.39776,9.40063,1.00,1.00
2016.08.04 15:07:17.894,9.39755,9.40042,1.37,1.00
2016.08.04 15:07:19.235,9.39755,9.40042,1.00,1.00
2016.08.04 15:07:19.699,9.39736,9.40023,1.37,1.00
2016.08.04 15:07:20.707,9.39744,9.40023,1.37,1.00
2016.08.04 15:07:20.906,9.39753,9.40023,1.00,1.00
2016.08.04 15:07:21.019,9.39753,9.40041,1.00,1.00
2016.08.04 15:07:21.554,9.39752,9.40041,1.00,1.00
2016.08.04 15:07:22.165,9.39764,9.40041,1.00,1.00
2016.08.04 15:07:22.216,9.3977,9.40057,1.12,1.00
2016.08.04 15:07:22.378,9.39784,9.40057,1.00,1.00
2016.08.04 15:07:22.692,9.3977,9.40057,1.12,1.00
2016.08.04 15:07:23.670,9.39774,9.40057,1.00,1.00
2016.08.04 15:07:23.873,9.3977,9.40057,1.12,1.00
2016.08.04 15:07:24.119,9.39757,9.40044,1.37,1.00
2016.08.04 15:07:25.417,9.39764,9.40044,1.37,1.00
2016.08.04 15:07:25.481,9.39776,9.40063,1.00,1.00
2016.08.04 15:07:26.386,9.39784,9.40063,1.00,1.00
2016.08.04 15:07:26.681,9.39776,9.40063,1.10,1.00
2016.08.04 15:07:27.613,9.39784,9.40063,1.00,1.00
2016.08.04 15:07:28.354,9.39792,9.40081,1.00,1.00
2016.08.04 15:07:29.207,9.39776,9.40063,1.10,1.00
2016.08.04 15:07:29.596,9.39784,9.40063,1.00,1.00
2016.08.04 15:07:30.410,9.39776,9.40063,1.10,1.00
2016.08.04 15:07:30.626,9.39784,9.40063,1.00,1.00
2016.08.04 15:07:30.790,9.39793,9.4008,1.00,1.00
2016.08.04 15:07:31.096,9.39804,9.4008,1.00,1.00
2016.08.04 15:07:31.312,9.39813,9.4008,1.00,1.00
2016.08.04 15:07:31.397,9.39804,9.4008,1.00,1.00
2016.08.04 15:07:33.025,9.39814,9.4008,1.00,1.00
2016.08.04 15:07:33.947,9.39804,9.4008,1.00,1.00
2016.08.04 15:07:34.206,9.39814,9.4008,1.00,1.00
2016.08.04 15:07:34.308,9.39804,9.4008,1.00,1.00
2016.08.04 15:07:35.313,9.39814,9.4008,1.00,1.00
2016.08.04 15:07:36.027,9.39824,9.4008,1.00,1.00
2016.08.04 15:07:36.755,9.39834,9.4008,1.00,1.00
2016.08.04 15:07:36.805,9.39834,9.40098,1.00,1.00
2016.08.04 15:07:39.179,9.39824,9.40098,1.00,1.00
2016.08.04 15:07:39.331,9.39834,9.40098,1.00,1.00
2016.08.04 15:07:40.647,9.39844,9.40098,1.00,1.00
2016.08.04 15:07:40.850,9.39834,9.40098,1.00,1.00
2016.08.04 15:07:41.842,9.39814,9.40098,1.00,1.00
2016.08.04 15:07:42.188,9.39811,9.40098,1.00,1.00
2016.08.04 15:07:42.890,9.39814,9.40098,1.00,1.00
2016.08.04 15:07:43.894,9.39811,9.40098,1.00,1.00
2016.08.04 15:07:44.017,9.39804,9.4008,1.00,1.00
2016.08.04 15:07:49.585,9.39814,9.4008,1.00,1.00
2016.08.04 15:07:50.911,9.39824,9.4008,1.00,1.00
2016.08.04 15:07:51.110,9.39814,9.4008,1.00,1.00
2016.08.04 15:07:52.112,9.39824,9.4008,1.00,1.00
2016.08.04 15:07:54.117,9.39814,9.4008,1.00,1.00
2016.08.04 15:07:55.221,9.39824,9.4008,1.00,1.00
2016.08.04 15:07:55.464,9.39834,9.401,1.00,1.00
2016.08.04 15:07:56.442,9.39824,9.401,1.00,1.00
2016.08.04 15:07:56.627,9.39834,9.401,1.00,1.00
2016.08.04 15:07:57.436,9.39824,9.401,1.00,1.00
2016.08.04 15:07:58.454,9.39834,9.401,1.00,1.00
2016.08.04 15:07:58.929,9.39824,9.401,1.00,1.00
2016.08.04 15:08:00.139,9.39834,9.401,1.00,1.00
2016.08.04 15:08:00.485,9.39824,9.401,1.00,1.00
2016.08.04 15:08:01.645,9.39834,9.401,1.00,1.00
2016.08.04 15:08:02.138,9.39824,9.401,1.00,1.00
2016.08.04 15:08:02.337,9.39834,9.401,1.00,1.00
2016.08.04 15:08:02.450,9.39834,9.40117,1.00,1.00
2016.08.04 15:08:02.652,9.39844,9.40117,1.00,1.00
2016.08.04 15:08:02.880,9.39834,9.40117,1.00,1.00
2016.08.04 15:08:02.931,9.39834,9.40117,1.00,1.00
2016.08.04 15:08:04.094,9.39844,9.40117,1.00,1.00
2016.08.04 15:08:04.662,9.39834,9.40117,1.00,1.00
2016.08.04 15:08:05.663,9.39844,9.40117,1.00,1.00
2016.08.04 15:08:05.897,9.39834,9.40117,1.00,1.00
2016.08.04 15:08:09.307,9.3983,9.40117,1.00,1.00
2016.08.04 15:08:09.463,9.39814,9.40097,1.37,1.00
2016.08.04 15:08:09.908,9.39824,9.40097,1.00,1.00
2016.08.04 15:08:10.409,9.39834,9.40114,1.00,1.00
2016.08.04 15:08:10.511,9.39844,9.40114,1.00,1.00
2016.08.04 15:08:10.911,9.39834,9.40114,1.00,1.00
2016.08.04 15:08:11.386,9.39844,9.40114,1.00,1.00
2016.08.04 15:08:11.913,9.39834,9.40114,1.00,1.00
2016.08.04 15:08:12.315,9.39827,9.40114,1.00,1.00
2016.08.04 15:08:14.119,9.39834,9.40114,1.00,1.00
2016.08.04 15:08:14.601,9.39827,9.40114,1.00,1.00
2016.08.04 15:08:16.210,9.39808,9.40095,1.37,1.00
2016.08.04 15:08:16.475,9.39808,9.40095,1.00,1.00
2016.08.04 15:08:19.219,9.39794,9.40078,1.37,1.00
2016.08.04 15:08:19.559,9.39791,9.40078,1.37,1.00
2016.08.04 15:08:19.722,9.39769,9.40056,1.75,1.00
2016.08.04 15:08:19.773,9.39769,9.40056,1.37,1.00
2016.08.04 15:08:19.988,9.39786,9.40073,1.00,1.00
2016.08.04 15:08:20.385,9.39774,9.40054,1.37,1.00
2016.08.04 15:08:20.435,9.39767,9.40054,1.37,1.00
2016.08.04 15:08:20.895,9.3975,9.40037,1.75,1.00
2016.08.04 15:08:20.996,9.3975,9.40037,1.37,1.00
2016.08.04 15:08:21.098,9.3975,9.40037,1.37,1.00
2016.08.04 15:08:21.356,9.39754,9.40037,1.37,1.00
2016.08.04 15:08:21.945,9.39764,9.40037,1.00,1.00
2016.08.04 15:08:22.070,9.39754,9.40037,1.37,1.00
2016.08.04 15:08:22.290,9.39764,9.40037,1.00,1.00
2016.08.04 15:08:23.396,9.39774,9.40037,1.00,1.00
2016.08.04 15:08:23.777,9.39764,9.40037,1.00,1.00
2016.08.04 15:08:23.901,9.39774,9.40037,1.00,1.00
2016.08.04 15:08:24.003,9.39774,9.40049,1.00,1.00
2016.08.04 15:08:24.388,9.39764,9.40049,1.00,1.00
2016.08.04 15:08:25.600,9.39762,9.40049,1.12,1.00
2016.08.04 15:08:25.925,9.39744,9.4003,1.37,1.00
2016.08.04 15:08:26.174,9.39754,9.4003,1.37,1.00
2016.08.04 15:08:27.604,9.39764,9.4003,1.00,1.00
2016.08.04 15:08:28.796,9.39754,9.4003,1.37,1.00
2016.08.04 15:08:31.189,9.39763,9.4003,1.10,1.00
2016.08.04 15:08:32.503,9.39764,9.4003,1.00,1.00
2016.08.04 15:08:32.925,9.39774,9.4003,1.00,1.00
2016.08.04 15:08:33.026,9.39774,9.40048,1.00,1.00
2016.08.04 15:08:33.315,9.39784,9.40048,1.00,1.00
2016.08.04 15:08:34.005,9.39794,9.40048,1.00,1.00
2016.08.04 15:08:34.261,9.39794,9.40064,1.00,1.00
2016.08.04 15:08:34.413,9.39814,9.40064,1.00,1.00
2016.08.04 15:08:34.565,9.39814,9.40081,1.00,1.00
2016.08.04 15:08:34.616,9.39824,9.40081,1.00,1.00
2016.08.04 15:08:38.122,9.39814,9.40081,1.00,1.00
2016.08.04 15:08:38.463,9.39804,9.40081,1.00,1.00
2016.08.04 15:08:38.634,9.39814,9.40081,1.00,1.00
2016.08.04 15:08:39.532,9.39804,9.40081,1.00,1.00
2016.08.04 15:08:39.739,9.39794,9.40081,1.50,1.00
2016.08.04 15:08:40.141,9.39804,9.40081,1.00,1.00
2016.08.04 15:08:41.666,9.39794,9.40081,1.50,1.00
2016.08.04 15:08:42.633,9.39804,9.40081,1.00,1.00
2016.08.04 15:08:42.836,9.39814,9.40081,1.00,1.00
2016.08.04 15:08:44.190,9.39814,9.40086,1.00,1.00
2016.08.04 15:08:44.855,9.39799,9.40086,1.00,1.00
2016.08.04 15:08:45.153,9.39804,9.40086,1.00,1.00
2016.08.04 15:08:45.368,9.39799,9.40086,1.00,1.00
2016.08.04 15:08:46.345,9.39803,9.40086,1.00,1.00
2016.08.04 15:08:46.894,9.39824,9.40086,1.00,1.00
2016.08.04 15:08:47.485,9.39813,9.40086,1.00,1.00
2016.08.04 15:08:47.849,9.39803,9.40086,1.00,1.00
2016.08.04 15:08:51.270,9.39799,9.40086,1.00,1.00
2016.08.04 15:08:53.384,9.39803,9.40086,1.00,1.00
2016.08.04 15:08:53.864,9.39799,9.40086,1.00,1.00
2016.08.04 15:08:57.412,9.39804,9.40086,1.00,1.00
2016.08.04 15:08:58.373,9.39799,9.40086,1.00,1.00
2016.08.04 15:09:00.141,9.39784,9.40069,1.00,1.00
2016.08.04 15:09:01.116,9.39794,9.40069,1.00,1.00
2016.08.04 15:09:04.121,9.39794,9.40077,1.00,1.00
2016.08.04 15:09:04.716,9.39804,9.40077,1.00,1.00
2016.08.04 15:09:04.817,9.39794,9.40077,1.00,1.00
2016.08.04 15:09:05.363,9.39804,9.40077,1.00,1.00
2016.08.04 15:09:10.181,9.39814,9.40077,1.00,1.00
2016.08.04 15:09:10.232,9.39814,9.40094,1.00,1.00
2016.08.04 15:09:11.345,9.39807,9.40094,1.00,1.00
2016.08.04 15:09:12.684,9.39814,9.40094,1.00,1.00
2016.08.04 15:09:12.850,9.39807,9.40094,1.00,1.00
2016.08.04 15:09:13.272,9.39814,9.40094,1.00,1.00
2016.08.04 15:09:13.954,9.39823,9.40094,1.00,1.00
2016.08.04 15:09:14.377,9.39814,9.40094,1.00,1.00
2016.08.04 15:09:14.653,9.39824,9.40094,1.00,1.00
2016.08.04 15:09:15.691,9.39814,9.40094,1.00,1.00
2016.08.04 15:09:16.197,9.39834,9.40094,1.00,1.00
2016.08.04 15:09:17.166,9.39824,9.40094,1.00,1.00
2016.08.04 15:09:17.567,9.39814,9.40094,1.00,1.00
2016.08.04 15:09:17.669,9.39824,9.40094,1.00,1.00
2016.08.04 15:09:17.821,9.39834,9.40114,1.00,1.00
2016.08.04 15:09:18.880,9.39827,9.40114,1.00,1.00
2016.08.04 15:09:19.400,9.39834,9.40114,1.00,1.00
2016.08.04 15:09:19.692,9.39827,9.40114,1.00,1.00
2016.08.04 15:09:20.201,9.39834,9.40114,1.00,1.00
2016.08.04 15:09:20.385,9.39827,9.40114,1.00,1.00
2016.08.04 15:09:20.896,9.39834,9.40114,1.00,1.00
2016.08.04 15:09:21.399,9.39827,9.40114,1.00,1.00
2016.08.04 15:09:21.450,9.39814,9.4007,1.00,1.00
2016.08.04 15:09:21.653,9.39814,9.40092,1.00,1.00
2016.08.04 15:09:21.703,9.39805,9.40092,1.00,1.00
2016.08.04 15:09:21.754,9.39794,9.40074,1.00,1.00
2016.08.04 15:09:21.907,9.39787,9.40074,1.00,1.00
2016.08.04 15:09:22.404,9.39794,9.40074,1.00,1.00
2016.08.04 15:09:22.506,9.39787,9.40074,1.00,1.00
2016.08.04 15:09:24.055,9.39784,9.40069,1.00,1.00
2016.08.04 15:09:24.809,9.39782,9.40069,1.00,1.00
2016.08.04 15:09:25.012,9.39784,9.40069,1.00,1.00
2016.08.04 15:09:25.212,9.39794,9.40069,1.00,1.00
2016.08.04 15:09:25.410,9.39784,9.40069,1.00,1.00
2016.08.04 15:09:26.989,9.39794,9.40069,1.00,1.00
2016.08.04 15:09:28.993,9.39804,9.40069,1.00,1.00
2016.08.04 15:09:29.324,9.39794,9.40069,1.00,1.00
2016.08.04 15:09:29.563,9.39794,9.40069,1.00,1.00
2016.08.04 15:09:30.173,9.39794,9.40069,1.00,1.00
2016.08.04 15:09:30.323,9.39794,9.40069,1.00,1.00
2016.08.04 15:09:31.276,9.39794,9.40069,1.00,1.00
2016.08.04 15:09:31.479,9.39794,9.40069,1.00,1.00
2016.08.04 15:09:33.629,9.39794,9.40061,1.00,1.00
2016.08.04 15:09:34.131,9.39794,9.4006,1.00,1.00
2016.08.04 15:09:34.288,9.39774,9.4006,1.12,1.00
2016.08.04 15:09:34.635,9.39774,9.40041,1.12,1.00
2016.08.04 15:09:34.685,9.39774,9.40021,1.12,1.00
2016.08.04 15:09:34.823,9.39774,9.40021,1.12,1.00
2016.08.04 15:09:34.925,9.39774,9.40038,1.12,1.00
2016.08.04 15:09:35.026,9.39774,9.40038,1.12,1.00
2016.08.04 15:09:35.179,9.39774,9.40057,1.12,1.00
2016.08.04 15:09:35.646,9.3977,9.40057,1.37,1.00
2016.08.04 15:09:36.739,9.3977,9.40057,1.37,1.00
2016.08.04 15:09:37.779,9.39774,9.40057,1.12,1.00
2016.08.04 15:09:37.993,9.39784,9.40057,1.00,1.00
2016.08.04 15:09:38.396,9.39787,9.40074,1.00,1.00
2016.08.04 15:09:44.084,9.39782,9.40069,1.00,1.00
2016.08.04 15:09:46.706,9.39763,9.40024,1.37,1.00
2016.08.04 15:09:46.807,9.39763,9.40044,1.37,1.50
2016.08.04 15:09:46.858,9.39763,9.40044,1.37,1.00
2016.08.04 15:09:46.908,9.39757,9.40044,1.37,1.00
2016.08.04 15:09:47.087,9.39764,9.40044,1.37,1.00
2016.08.04 15:09:47.138,9.39776,9.40063,1.00,1.00
2016.08.04 15:09:47.621,9.39755,9.40021,1.37,1.00
2016.08.04 15:09:47.672,9.39744,9.40021,1.75,1.00
2016.08.04 15:09:47.723,9.39744,9.40021,1.37,1.00
2016.08.04 15:09:47.825,9.39744,9.40021,1.37,1.00
2016.08.04 15:09:47.926,9.39751,9.40038,1.10,1.00
2016.08.04 15:09:48.128,9.3977,9.40057,1.00,1.00
2016.08.04 15:09:48.296,9.3977,9.40057,1.10,1.00
2016.08.04 15:09:49.212,9.3975,9.40028,1.37,1.00
2016.08.04 15:09:49.263,9.39741,9.40028,1.75,1.00
2016.08.04 15:09:49.421,9.39741,9.40028,1.75,1.00
2016.08.04 15:09:49.534,9.39758,9.40045,1.37,1.00
2016.08.04 15:09:50.264,9.39758,9.40038,1.37,1.00
2016.08.04 15:09:50.315,9.39734,9.40018,1.75,1.00
2016.08.04 15:09:50.366,9.39734,9.40018,1.37,1.00
2016.08.04 15:09:50.416,9.39731,9.40018,1.37,1.00
2016.08.04 15:09:50.573,9.39724,9.40001,1.37,1.00
2016.08.04 15:09:50.725,9.39731,9.40018,1.37,1.00
2016.08.04 15:09:53.448,9.3975,9.40037,1.00,1.00
2016.08.04 15:09:54.125,9.3975,9.40037,1.37,1.00
2016.08.04 15:09:54.227,9.39767,9.40046,1.12,1.00
2016.08.04 15:09:54.411,9.39767,9.40054,1.12,1.00
2016.08.04 15:09:58.429,9.39784,9.40071,1.00,1.00
2016.08.04 15:10:04.165,9.39784,9.40066,1.00,1.00
2016.08.04 15:10:04.886,9.39784,9.40056,1.00,1.00
2016.08.04 15:10:05.396,9.39784,9.40057,1.00,1.00
2016.08.04 15:10:05.747,9.39766,9.40053,1.37,1.00
2016.08.04 15:10:06.097,9.39766,9.40046,1.37,1.00
2016.08.04 15:10:06.857,9.39766,9.40053,1.37,1.00
2016.08.04 15:10:07.390,9.39766,9.40046,1.37,1.00
2016.08.04 15:10:07.935,9.39766,9.40036,1.37,1.00
2016.08.04 15:10:08.095,9.39766,9.40046,1.37,1.00
2016.08.04 15:10:08.392,9.39766,9.40053,1.37,1.00
2016.08.04 15:10:08.664,9.39784,9.40056,1.00,1.00
2016.08.04 15:10:08.908,9.39784,9.40046,1.00,1.00
2016.08.04 15:10:09.942,9.39784,9.40056,1.00,1.00
2016.08.04 15:10:10.874,9.39784,9.40066,1.00,1.00
2016.08.04 15:10:12.086,9.39784,9.40071,1.00,1.00
2016.08.04 15:10:12.298,9.39784,9.40066,1.00,1.00
2016.08.04 15:10:12.899,9.39784,9.40071,1.00,1.00
2016.08.04 15:10:16.437,9.39784,9.40067,1.00,1.00
2016.08.04 15:10:16.894,9.39784,9.40056,1.00,1.00
2016.08.04 15:10:17.503,9.39784,9.40066,1.00,1.00
2016.08.04 15:10:20.137,9.39784,9.40071,1.00,1.00
2016.08.04 15:10:20.753,9.39784,9.40071,1.00,1.00
2016.08.04 15:10:20.803,9.39801,9.40076,1.00,1.00
2016.08.04 15:10:20.854,9.39801,9.40076,1.00,1.00
2016.08.04 15:10:21.236,9.39801,9.40086,1.00,1.00
2016.08.04 15:10:21.291,9.39801,9.40086,1.12,1.00
2016.08.04 15:10:21.448,9.39801,9.40076,1.12,1.00
2016.08.04 15:10:22.536,9.39819,9.40086,1.00,1.00
2016.08.04 15:10:22.916,9.39819,9.40077,1.00,1.00
2016.08.04 15:10:23.409,9.39819,9.40087,1.00,1.00
2016.08.04 15:10:23.857,9.39819,9.40076,1.00,1.00
2016.08.04 15:10:24.049,9.39821,9.40086,1.00,1.00
2016.08.04 15:10:24.422,9.39821,9.40076,1.00,1.00
2016.08.04 15:10:25.203,9.39801,9.40076,1.87,1.00
2016.08.04 15:10:25.254,9.39801,9.40076,1.12,1.00
2016.08.04 15:10:25.313,9.39801,9.40086,1.12,1.00
2016.08.04 15:10:25.414,9.39819,9.40106,1.00,1.50
2016.08.04 15:10:25.928,9.39819,9.40096,1.00,1.00
2016.08.04 15:10:26.014,9.39819,9.40106,1.00,1.50
2016.08.04 15:10:26.516,9.39819,9.40106,1.00,1.00
2016.08.04 15:10:26.618,9.39819,9.40106,1.00,1.50
2016.08.04 15:10:26.834,9.39819,9.40106,1.00,1.00
2016.08.04 15:10:29.525,9.39819,9.40106,1.00,1.50
2016.08.04 15:10:29.626,9.39819,9.40096,1.00,1.00
2016.08.04 15:10:30.226,9.39819,9.40106,1.00,1.50
2016.08.04 15:10:30.928,9.39819,9.40106,1.00,1.00
2016.08.04 15:10:31.648,9.39819,9.40106,1.00,1.50
2016.08.04 15:10:31.776,9.39819,9.40096,1.00,1.00
2016.08.04 15:10:31.830,9.39819,9.40106,1.00,1.50
2016.08.04 15:10:32.231,9.39819,9.40096,1.00,1.00
2016.08.04 15:10:32.450,9.39819,9.40086,1.00,1.00
2016.08.04 15:10:32.575,9.39819,9.40097,1.00,1.00
2016.08.04 15:10:32.632,9.39819,9.40106,1.00,1.50
2016.08.04 15:10:33.033,9.39819,9.40106,1.00,1.00
2016.08.04 15:10:33.135,9.39819,9.40106,1.00,1.50
2016.08.04 15:10:33.455,9.39819,9.40096,1.00,1.00
2016.08.04 15:10:34.136,9.39819,9.40106,1.00,1.50
2016.08.04 15:10:34.694,9.39819,9.40096,1.00,1.00
2016.08.04 15:10:35.840,9.39819,9.40106,1.00,1.50
2016.08.04 15:10:35.941,9.39819,9.40096,1.00,1.00
2016.08.04 15:10:36.164,9.39796,9.40036,1.37,1.00
2016.08.04 15:10:36.227,9.39796,9.40036,1.37,1.00
2016.08.04 15:10:36.278,9.39796,9.40026,1.37,1.00
2016.08.04 15:10:36.330,9.39779,9.40026,1.37,1.00
2016.08.04 15:10:36.982,9.39797,9.40026,1.37,1.00
2016.08.04 15:10:37.033,9.39784,9.40026,1.37,1.00
2016.08.04 15:10:37.084,9.39779,9.40026,1.37,1.00
2016.08.04 15:10:37.135,9.39739,9.40026,1.75,1.50
2016.08.04 15:10:37.186,9.39739,9.40026,1.75,1.00
2016.08.04 15:10:37.238,9.39695,9.39982,1.75,1.00
2016.08.04 15:10:37.533,9.39695,9.39982,1.37,1.00
2016.08.04 15:10:38.473,9.39676,9.39963,1.75,1.00
2016.08.04 15:10:38.641,9.39676,9.39963,1.37,1.00
2016.08.04 15:10:38.954,9.39684,9.39963,1.37,1.00
2016.08.04 15:10:39.386,9.39714,9.39963,1.00,1.00
2016.08.04 15:10:39.437,9.39714,9.39983,1.00,1.00
2016.08.04 15:10:39.655,9.39696,9.39983,1.10,1.00
2016.08.04 15:10:39.953,9.39696,9.39983,1.37,1.00
2016.08.04 15:10:40.877,9.39714,9.39983,1.00,1.00
2016.08.04 15:10:41.098,9.39696,9.39983,1.37,1.00
2016.08.04 15:10:42.791,9.39679,9.39966,1.50,1.00
2016.08.04 15:10:43.887,9.39684,9.39966,1.37,1.00
2016.08.04 15:10:44.188,9.39686,9.39973,1.37,1.00
2016.08.04 15:10:52.503,9.39686,9.39973,1.00,1.00
2016.08.04 15:10:53.297,9.39703,9.3999,1.00,1.00
2016.08.04 15:10:54.595,9.39704,9.3999,1.00,1.00
2016.08.04 15:10:55.072,9.39704,9.39965,1.00,1.00
2016.08.04 15:10:55.123,9.39694,9.39965,1.00,1.00
2016.08.04 15:10:55.173,9.39694,9.39937,1.00,1.00
2016.08.04 15:10:55.899,9.39684,9.39937,1.00,1.00
2016.08.04 15:10:56.601,9.39674,9.39937,1.00,1.00
2016.08.04 15:10:56.702,9.39674,9.39919,1.00,1.00
2016.08.04 15:10:57.608,9.39684,9.39919,1.00,1.00
2016.08.04 15:10:58.109,9.39674,9.39919,1.00,1.00
2016.08.04 15:10:58.266,9.39674,9.39919,1.00,1.00
2016.08.04 15:10:59.864,9.39664,9.39919,1.00,1.00
2016.08.04 15:11:01.146,9.39654,9.39919,1.50,1.00
2016.08.04 15:11:01.320,9.39654,9.39919,1.50,1.00
2016.08.04 15:11:01.421,9.39658,9.39945,1.00,1.00
2016.08.04 15:11:01.472,9.39662,9.39945,1.00,1.00
2016.08.04 15:11:01.523,9.39682,9.39969,1.00,1.00
2016.08.04 15:11:01.819,9.39664,9.39948,1.37,1.00
2016.08.04 15:11:01.871,9.39664,9.39922,1.00,1.00
2016.08.04 15:11:02.405,9.39664,9.39922,1.00,1.00
2016.08.04 15:11:02.721,9.39664,9.3994,1.00,1.00
2016.08.04 15:11:02.771,9.39664,9.3994,1.00,1.00
2016.08.04 15:11:03.128,9.39664,9.3994,1.00,1.00
2016.08.04 15:11:03.438,9.39653,9.3994,1.00,1.00
2016.08.04 15:11:04.088,9.39646,9.39933,1.37,1.00
2016.08.04 15:11:04.924,9.39646,9.39933,1.37,1.00
2016.08.04 15:11:05.078,9.39654,9.39933,1.00,1.00
2016.08.04 15:11:05.362,9.39654,9.39933,1.00,1.00
2016.08.04 15:11:06.038,9.39653,9.39933,1.00,1.00
2016.08.04 15:11:06.143,9.39653,9.39933,1.00,1.00
2016.08.04 15:11:06.823,9.39654,9.39933,1.00,1.00
2016.08.04 15:11:06.924,9.39654,9.39933,1.00,1.00
2016.08.04 15:11:07.076,9.39664,9.39933,1.00,1.00
2016.08.04 15:11:07.398,9.39674,9.39933,1.00,1.00
2016.08.04 15:11:08.644,9.39684,9.39933,1.00,1.00
2016.08.04 15:11:09.848,9.39694,9.39933,1.00,1.00
2016.08.04 15:11:11.680,9.39703,9.39933,1.00,1.00
2016.08.04 15:11:11.754,9.39694,9.39933,1.00,1.00
2016.08.04 15:11:12.255,9.39704,9.39933,1.00,1.00
2016.08.04 15:11:14.083,9.39714,9.39933,1.00,1.00
2016.08.04 15:11:15.688,9.39704,9.39933,1.00,1.00
2016.08.04 15:11:15.739,9.39704,9.39915,1.00,1.10
2016.08.04 15:11:15.885,9.39684,9.39915,1.00,1.10
2016.08.04 15:11:15.936,9.39684,9.39896,1.00,1.00
2016.08.04 15:11:16.088,9.39684,9.39896,1.00,1.00
2016.08.04 15:11:16.189,9.39643,9.39896,1.00,1.37
2016.08.04 15:11:16.240,9.39643,9.39869,1.00,1.00
2016.08.04 15:11:16.693,9.39654,9.39869,1.00,1.00
2016.08.04 15:11:17.070,9.39654,9.39869,1.00,1.00
2016.08.04 15:11:17.375,9.39664,9.39869,1.00,1.00
2016.08.04 15:11:17.476,9.39654,9.39869,1.00,1.00
2016.08.04 15:11:17.578,9.39664,9.39869,1.00,1.00
2016.08.04 15:11:17.804,9.39664,9.39869,1.00,1.50
2016.08.04 15:11:17.956,9.39664,9.39869,1.50,1.50
2016.08.04 15:11:18.057,9.39664,9.39869,1.00,1.50
2016.08.04 15:11:18.108,9.39674,9.39869,1.00,1.00
2016.08.04 15:11:18.301,9.39704,9.39892,1.00,1.00
2016.08.04 15:11:18.351,9.39704,9.39912,1.00,1.00
2016.08.04 15:11:18.402,9.39713,9.39912,1.00,1.00
2016.08.04 15:11:18.453,9.39713,9.39941,1.00,1.00
2016.08.04 15:11:18.504,9.39713,9.39941,1.00,1.00
2016.08.04 15:11:18.656,9.39713,9.39941,1.00,1.00
2016.08.04 15:11:19.097,9.39704,9.39941,1.00,1.00
2016.08.04 15:11:19.351,9.39704,9.39941,1.00,1.00
2016.08.04 15:11:19.401,9.39684,9.39941,1.00,1.00
2016.08.04 15:11:19.673,9.39684,9.39941,1.00,1.00
2016.08.04 15:11:20.097,9.39674,9.39941,1.12,1.00
2016.08.04 15:11:20.200,9.39684,9.39941,1.00,1.00
2016.08.04 15:11:20.302,9.39684,9.39958,1.00,1.00
2016.08.04 15:11:20.993,9.39694,9.39958,1.00,1.00
2016.08.04 15:11:21.300,9.39694,9.39941,1.00,1.00
2016.08.04 15:11:23.007,9.39684,9.39941,1.00,1.00
2016.08.04 15:11:24.027,9.39684,9.39946,1.00,1.00
2016.08.04 15:11:27.431,9.39694,9.39946,1.00,1.00
2016.08.04 15:11:31.444,9.39704,9.39946,1.00,1.00
2016.08.04 15:11:31.613,9.39694,9.39946,1.00,1.00
2016.08.04 15:11:33.115,9.39704,9.39946,1.00,1.00
2016.08.04 15:11:33.642,9.39694,9.39946,1.00,1.00
2016.08.04 15:11:33.924,9.39684,9.39946,1.00,1.00
2016.08.04 15:11:34.427,9.39704,9.39946,1.00,1.00
2016.08.04 15:11:34.528,9.39714,9.39946,1.00,1.00
2016.08.04 15:11:34.579,9.39714,9.39946,1.00,1.00
2016.08.04 15:11:34.873,9.39734,9.39963,1.00,1.00
2016.08.04 15:11:35.127,9.39724,9.39963,1.00,1.00
2016.08.04 15:11:35.380,9.39724,9.39963,1.00,1.00
2016.08.04 15:11:35.661,9.39734,9.39963,1.00,1.00
2016.08.04 15:11:36.160,9.39744,9.39963,1.00,1.00
2016.08.04 15:11:36.216,9.39744,9.39963,1.00,1.00
2016.08.04 15:11:36.267,9.39744,9.3998,1.00,1.00
2016.08.04 15:11:36.485,9.39754,9.3998,1.00,1.00
2016.08.04 15:11:36.641,9.39743,9.3998,1.00,1.00
2016.08.04 15:11:36.831,9.39724,9.3998,1.00,1.00
2016.08.04 15:11:36.984,9.39724,9.39957,1.00,1.00
2016.08.04 15:11:38.975,9.39723,9.39957,1.00,1.00
2016.08.04 15:11:39.641,9.39734,9.39957,1.00,1.00
2016.08.04 15:11:39.747,9.39724,9.39957,1.00,1.00
2016.08.04 15:11:39.798,9.39724,9.39974,1.00,1.00
2016.08.04 15:11:39.849,9.39714,9.39974,1.00,1.00
2016.08.04 15:11:40.099,9.39714,9.39956,1.00,1.00
2016.08.04 15:11:40.951,9.39724,9.39956,1.00,1.00
2016.08.04 15:11:41.408,9.39714,9.39956,1.00,1.00
2016.08.04 15:11:41.648,9.39723,9.39956,1.00,1.00
2016.08.04 15:11:41.750,9.39714,9.39956,1.00,1.00
2016.08.04 15:11:41.851,9.39704,9.39956,1.00,1.00
2016.08.04 15:11:42.400,9.39714,9.39956,1.00,1.00
2016.08.04 15:11:42.656,9.39684,9.39956,1.00,1.00
2016.08.04 15:11:43.069,9.39694,9.39956,1.00,1.00
2016.08.04 15:11:44.103,9.39694,9.39955,1.00,1.00
2016.08.04 15:11:44.694,9.39684,9.39955,1.00,1.00
2016.08.04 15:11:48.416,9.39673,9.39955,1.37,1.00
2016.08.04 15:11:48.517,9.39673,9.39955,1.00,1.00
2016.08.04 15:11:49.217,9.39684,9.39955,1.00,1.00
2016.08.04 15:11:49.318,9.39694,9.39955,1.00,1.00
2016.08.04 15:11:49.728,9.39714,9.39955,1.00,1.00
2016.08.04 15:11:50.109,9.39694,9.39955,1.00,1.00
2016.08.04 15:11:50.930,9.39704,9.39955,1.00,1.00
2016.08.04 15:11:51.273,9.39714,9.39955,1.00,1.00
2016.08.04 15:11:51.324,9.39714,9.39972,1.00,1.00
2016.08.04 15:11:51.426,9.39714,9.39972,1.00,1.00
2016.08.04 15:11:51.528,9.39714,9.39956,1.00,1.00
2016.08.04 15:11:51.629,9.39694,9.39956,1.00,1.00
2016.08.04 15:11:51.923,9.39714,9.39956,1.00,1.00
2016.08.04 15:11:52.025,9.39714,9.39956,1.00,1.00
2016.08.04 15:11:52.126,9.39704,9.39956,1.00,1.00
2016.08.04 15:11:53.127,9.39694,9.39956,1.00,1.00
2016.08.04 15:11:53.331,9.39684,9.39956,1.00,1.00
2016.08.04 15:11:53.528,9.39694,9.39956,1.00,1.00
2016.08.04 15:11:58.943,9.39714,9.39956,1.00,1.00
2016.08.04 15:11:59.045,9.39714,9.39973,1.00,1.00
2016.08.04 15:11:59.147,9.39704,9.39973,1.00,1.00
2016.08.04 15:11:59.444,9.39694,9.39952,1.00,1.00
2016.08.04 15:12:01.656,9.39704,9.39952,1.00,1.00
2016.08.04 15:12:01.759,9.39704,9.39952,1.00,1.00
2016.08.04 15:12:01.954,9.39694,9.39952,1.00,1.00
2016.08.04 15:12:02.055,9.39694,9.39969,1.00,1.00
2016.08.04 15:12:02.156,9.39684,9.39969,1.00,1.00
2016.08.04 15:12:02.676,9.39694,9.39969,1.00,1.00
2016.08.04 15:12:02.956,9.39684,9.39969,1.00,1.00
2016.08.04 15:12:04.142,9.39694,9.3996,1.00,1.00
2016.08.04 15:12:04.952,9.39684,9.3996,1.00,1.00
2016.08.04 15:12:05.210,9.39674,9.3996,1.00,1.00
2016.08.04 15:12:05.813,9.39673,9.3996,1.00,1.00
2016.08.04 15:12:05.863,9.39673,9.3996,1.00,1.00
2016.08.04 15:12:06.224,9.39684,9.3996,1.00,1.00
2016.08.04 15:12:06.376,9.39694,9.3996,1.00,1.00
2016.08.04 15:12:06.685,9.39684,9.3996,1.00,1.00
2016.08.04 15:12:07.167,9.39694,9.3996,1.00,1.00
2016.08.04 15:12:07.369,9.39683,9.3996,1.00,1.00
2016.08.04 15:12:07.675,9.39694,9.3996,1.00,1.00
2016.08.04 15:12:07.858,9.39684,9.3996,1.00,1.00
2016.08.04 15:12:08.359,9.39674,9.3996,1.00,1.00
2016.08.04 15:12:08.859,9.39684,9.3996,1.00,1.00
2016.08.04 15:12:09.159,9.39694,9.3996,1.00,1.00
2016.08.04 15:12:09.272,9.39703,9.3996,1.00,1.00
2016.08.04 15:12:09.398,9.39693,9.3996,1.00,1.00
2016.08.04 15:12:09.674,9.39683,9.3996,1.00,1.00
2016.08.04 15:12:10.264,9.39694,9.3996,1.00,1.00
2016.08.04 15:12:10.376,9.39694,9.3996,1.00,1.00
2016.08.04 15:12:10.685,9.39704,9.3996,1.00,1.00
2016.08.04 15:12:10.990,9.39714,9.3996,1.00,1.00
2016.08.04 15:12:12.349,9.39714,9.3996,1.00,1.00
2016.08.04 15:12:12.400,9.39703,9.3996,1.00,1.00
2016.08.04 15:12:12.667,9.39694,9.3996,1.00,1.00
2016.08.04 15:12:12.993,9.39694,9.3996,1.00,1.00
2016.08.04 15:12:13.226,9.39694,9.3996,1.00,1.00
2016.08.04 15:12:13.290,9.39694,9.3996,1.00,1.00
2016.08.04 15:12:13.391,9.39703,9.3996,1.00,1.00
2016.08.04 15:12:13.619,9.39714,9.3996,1.00,1.00
2016.08.04 15:12:13.873,9.39724,9.3996,1.00,1.00
2016.08.04 15:12:13.924,9.39714,9.3996,1.00,1.00
2016.08.04 15:12:13.975,9.39714,9.3996,1.00,1.00
2016.08.04 15:12:14.092,9.39714,9.3996,1.00,1.00
2016.08.04 15:12:14.194,9.39723,9.3996,1.00,1.00
2016.08.04 15:12:14.413,9.39714,9.3996,1.00,1.00
2016.08.04 15:12:14.923,9.39723,9.3996,1.00,1.00
2016.08.04 15:12:15.423,9.39714,9.3996,1.00,1.00
2016.08.04 15:12:15.627,9.39724,9.3996,1.00,1.00
2016.08.04 15:12:15.681,9.39724,9.39978,1.00,1.00
2016.08.04 15:12:15.989,9.39724,9.39978,1.00,1.00
2016.08.04 15:12:16.106,9.39714,9.39978,1.00,1.00
2016.08.04 15:12:16.220,9.39714,9.39978,1.00,1.00
2016.08.04 15:12:16.373,9.39714,9.39978,1.00,1.00
2016.08.04 15:12:16.424,9.39734,9.39978,1.00,1.00
2016.08.04 15:12:16.529,9.39724,9.39978,1.00,1.00
2016.08.04 15:12:16.681,9.39723,9.39978,1.00,1.00
2016.08.04 15:12:17.206,9.39744,9.39978,1.00,1.00
2016.08.04 15:12:17.637,9.39754,9.39978,1.00,1.00
2016.08.04 15:12:17.789,9.39764,9.39978,1.00,1.00
2016.08.04 15:12:17.840,9.39754,9.39978,1.00,1.00
2016.08.04 15:12:17.890,9.39754,9.39978,1.00,1.00
2016.08.04 15:12:18.040,9.39744,9.39978,1.00,1.00
2016.08.04 15:12:18.091,9.39744,9.39978,1.00,1.00
2016.08.04 15:12:18.142,9.39754,9.39978,1.00,1.00
2016.08.04 15:12:18.193,9.39754,9.39996,1.00,1.00
2016.08.04 15:12:18.244,9.39764,9.39996,1.00,1.00
2016.08.04 15:12:18.573,9.39774,9.39996,1.00,1.00
2016.08.04 15:12:19.709,9.39774,9.39996,1.00,1.00
2016.08.04 15:12:20.432,9.39754,9.39996,1.00,1.00
2016.08.04 15:12:20.483,9.39754,9.39996,1.00,1.00
2016.08.04 15:12:20.705,9.39754,9.39996,1.00,1.00
2016.08.04 15:12:20.954,9.39743,9.39996,1.00,1.00
2016.08.04 15:12:21.055,9.39724,9.39996,1.00,1.00
2016.08.04 15:12:21.212,9.39724,9.39996,1.00,1.00
2016.08.04 15:12:21.263,9.39724,9.39977,1.00,1.00
2016.08.04 15:12:21.386,9.39734,9.39977,1.00,1.00
2016.08.04 15:12:22.005,9.39724,9.39977,1.00,1.00
2016.08.04 15:12:22.885,9.39734,9.39977,1.00,1.00
2016.08.04 15:12:23.093,9.39734,9.39977,1.00,1.00
2016.08.04 15:12:23.195,9.39714,9.39977,1.00,1.00
2016.08.04 15:12:24.089,9.39714,9.39963,1.00,1.00
2016.08.04 15:12:24.888,9.39704,9.39963,1.00,1.00
2016.08.04 15:12:25.968,9.39714,9.39963,1.00,1.00
2016.08.04 15:12:26.993,9.39724,9.39963,1.00,1.00
2016.08.04 15:12:27.295,9.39724,9.39963,1.00,1.00
2016.08.04 15:12:27.606,9.39734,9.39963,1.00,1.00
2016.08.04 15:12:27.827,9.39724,9.39963,1.00,1.00
2016.08.04 15:12:28.026,9.39724,9.39963,1.00,1.00
2016.08.04 15:12:28.583,9.39734,9.39963,1.00,1.00
2016.08.04 15:12:28.927,9.39724,9.39963,1.00,1.00
2016.08.04 15:12:29.210,9.39724,9.39963,1.00,1.00
2016.08.04 15:12:29.532,9.39714,9.39946,1.00,1.00
2016.08.04 15:12:29.633,9.39714,9.39946,1.00,1.00
2016.08.04 15:12:29.980,9.39724,9.39946,1.00,1.00
2016.08.04 15:12:30.412,9.39714,9.39946,1.00,1.00
2016.08.04 15:12:31.435,9.39724,9.39946,1.00,1.00
2016.08.04 15:12:31.913,9.39714,9.39946,1.00,1.00
2016.08.04 15:12:32.127,9.39734,9.39964,1.00,1.00
2016.08.04 15:12:32.286,9.39734,9.39964,1.00,1.00
2016.08.04 15:12:32.337,9.39734,9.39964,1.00,1.00
2016.08.04 15:12:32.638,9.39743,9.39964,1.00,1.00
2016.08.04 15:12:32.853,9.39754,9.39964,1.00,1.00
2016.08.04 15:12:33.742,9.39753,9.39964,1.00,1.37
2016.08.04 15:12:33.844,9.39753,9.39964,1.00,1.37
2016.08.04 15:12:33.946,9.39774,9.39964,1.00,1.37
2016.08.04 15:12:34.643,9.39774,9.39964,1.00,1.37
2016.08.04 15:12:35.102,9.39774,9.39964,1.00,1.37
2016.08.04 15:12:35.152,9.39764,9.39964,1.00,1.37
2016.08.04 15:12:35.254,9.39774,9.39964,1.00,1.37
2016.08.04 15:12:35.685,9.39774,9.39981,1.00,1.37
2016.08.04 15:12:35.736,9.39774,9.39981,1.00,1.37
2016.08.04 15:12:35.889,9.39774,9.39963,1.00,1.37
2016.08.04 15:12:35.940,9.39744,9.39963,1.00,1.37
2016.08.04 15:12:36.808,9.39744,9.39963,1.00,1.37
2016.08.04 15:12:36.859,9.39734,9.39963,1.00,1.37
2016.08.04 15:12:36.909,9.39734,9.39963,1.00,1.00
2016.08.04 15:12:37.350,9.39754,9.39963,1.00,1.00
2016.08.04 15:12:37.452,9.39754,9.39963,1.00,1.00
2016.08.04 15:12:37.554,9.39754,9.39963,1.00,1.00
2016.08.04 15:12:38.138,9.39763,9.39963,1.00,1.00
2016.08.04 15:12:38.253,9.39754,9.39963,1.00,1.00
2016.08.04 15:12:38.355,9.39744,9.39963,1.00,1.00
2016.08.04 15:12:38.456,9.39743,9.39963,1.00,1.00
2016.08.04 15:12:38.855,9.39754,9.39963,1.00,1.00
2016.08.04 15:12:39.082,9.39754,9.39963,1.00,1.00
2016.08.04 15:12:39.406,9.39764,9.39963,1.00,1.00
2016.08.04 15:12:39.457,9.39764,9.39963,1.00,1.00
2016.08.04 15:12:39.857,9.39754,9.39963,1.00,1.00
2016.08.04 15:12:40.162,9.39744,9.39963,1.00,1.00
2016.08.04 15:12:40.264,9.39734,9.39963,1.00,1.00
2016.08.04 15:12:40.659,9.39744,9.39963,1.00,1.00
2016.08.04 15:12:40.962,9.39734,9.39963,1.00,1.00
2016.08.04 15:12:41.013,9.39734,9.39963,1.00,1.00
2016.08.04 15:12:41.063,9.39744,9.39963,1.00,1.00
2016.08.04 15:12:41.165,9.39734,9.39963,1.00,1.00
2016.08.04 15:12:41.537,9.39733,9.39946,1.00,1.00
2016.08.04 15:12:42.164,9.39734,9.39946,1.00,1.00
2016.08.04 15:12:43.174,9.39734,9.39946,1.00,1.00
2016.08.04 15:12:43.277,9.39724,9.39942,1.00,1.00
2016.08.04 15:12:43.378,9.39704,9.39942,1.00,1.00
2016.08.04 15:12:43.718,9.39704,9.39929,1.00,1.00
2016.08.04 15:12:44.143,9.39704,9.39933,1.00,1.00
2016.08.04 15:12:44.389,9.39694,9.39933,1.57,1.00
2016.08.04 15:12:44.569,9.39694,9.39933,1.10,1.00
2016.08.04 15:12:44.671,9.39684,9.39933,1.37,1.00
2016.08.04 15:12:45.162,9.39694,9.39933,1.10,1.00
2016.08.04 15:12:45.483,9.39684,9.39933,1.37,1.00
2016.08.04 15:12:45.672,9.39694,9.39933,1.10,1.00
2016.08.04 15:12:46.060,9.39694,9.39933,1.10,1.00
2016.08.04 15:12:47.071,9.39684,9.39933,1.37,1.00
2016.08.04 15:12:47.279,9.39674,9.39933,1.37,1.00
2016.08.04 15:12:47.431,9.39674,9.39915,1.37,1.00
2016.08.04 15:12:47.584,9.39674,9.399,1.37,1.00
2016.08.04 15:12:47.747,9.39653,9.399,1.75,1.00
2016.08.04 15:12:47.927,9.39664,9.399,1.37,1.00
2016.08.04 15:12:47.978,9.39664,9.399,1.37,1.00
2016.08.04 15:12:48.080,9.39674,9.399,1.37,1.00
2016.08.04 15:12:48.348,9.39674,9.399,1.87,1.00
2016.08.04 15:12:48.399,9.39694,9.399,1.00,1.00
2016.08.04 15:12:50.550,9.39694,9.399,1.00,1.00
2016.08.04 15:12:50.601,9.39684,9.399,1.00,1.00
2016.08.04 15:12:50.652,9.39684,9.399,1.00,1.00
2016.08.04 15:12:50.805,9.39684,9.39915,1.00,1.00
2016.08.04 15:12:50.906,9.39664,9.39915,1.37,1.00
2016.08.04 15:12:51.022,9.39664,9.39894,1.37,1.00
2016.08.04 15:12:51.073,9.39664,9.39894,1.37,1.00
2016.08.04 15:12:51.545,9.39664,9.39894,1.37,1.00
2016.08.04 15:12:51.647,9.39663,9.39894,1.37,1.00
2016.08.04 15:12:51.881,9.39664,9.39894,1.37,1.00
2016.08.04 15:12:51.982,9.39674,9.39894,1.37,1.00
2016.08.04 15:12:52.127,9.39674,9.39894,1.37,1.00
2016.08.04 15:12:52.552,9.39674,9.39894,1.37,1.00
2016.08.04 15:12:52.603,9.39654,9.39894,1.75,1.00
2016.08.04 15:12:52.654,9.39654,9.39894,1.75,1.00
2016.08.04 15:12:52.797,9.39654,9.39894,2.25,1.00
2016.08.04 15:12:52.848,9.39664,9.39894,1.37,1.00
2016.08.04 15:12:53.050,9.39664,9.39894,1.37,1.00
2016.08.04 15:12:53.532,9.39663,9.39894,1.12,1.00
2016.08.04 15:12:53.715,9.39664,9.39894,1.10,1.00
2016.08.04 15:12:53.919,9.39674,9.39894,1.00,1.00
2016.08.04 15:12:54.187,9.39673,9.39894,1.00,1.00
2016.08.04 15:12:54.442,9.39664,9.39894,1.10,1.00
2016.08.04 15:12:54.544,9.39664,9.39894,1.10,1.00
2016.08.04 15:12:57.086,9.39664,9.39894,1.10,1.00
2016.08.04 15:12:57.792,9.39674,9.39894,1.00,1.00
2016.08.04 15:12:58.996,9.39693,9.39894,1.00,1.00
2016.08.04 15:12:59.884,9.39684,9.39894,1.00,1.00
2016.08.04 15:13:00.350,9.39684,9.39894,1.00,1.00
2016.08.04 15:13:00.452,9.39684,9.39894,1.00,1.00
2016.08.04 15:13:00.554,9.39684,9.39894,1.00,1.00
2016.08.04 15:13:00.984,9.39684,9.39894,1.00,1.00
2016.08.04 15:13:01.804,9.39694,9.39894,1.00,1.00
2016.08.04 15:13:01.854,9.39694,9.39894,1.00,1.00
2016.08.04 15:13:01.956,9.39694,9.39894,1.00,1.00
2016.08.04 15:13:02.153,9.39694,9.39894,1.00,1.00
2016.08.04 15:13:02.298,9.39684,9.39894,1.00,1.00
2016.08.04 15:13:03.124,9.39694,9.39894,1.00,1.00
2016.08.04 15:13:03.355,9.39694,9.39894,1.00,1.00
2016.08.04 15:13:03.876,9.39694,9.39894,1.00,1.00
2016.08.04 15:13:03.927,9.39684,9.39894,1.00,1.00
2016.08.04 15:13:03.978,9.39684,9.39894,1.00,1.00
2016.08.04 15:13:04.029,9.39674,9.39894,1.00,1.00
2016.08.04 15:13:04.357,9.39674,9.39894,1.00,1.00
2016.08.04 15:13:04.921,9.39673,9.39894,1.00,1.00
2016.08.04 15:13:04.971,9.39673,9.39894,1.00,1.00
2016.08.04 15:13:05.073,9.39673,9.39894,1.00,1.00
2016.08.04 15:13:06.000,9.39673,9.39894,1.00,1.00
2016.08.04 15:13:06.132,9.39664,9.39894,1.10,1.00
2016.08.04 15:13:07.078,9.39664,9.39894,1.10,1.00
2016.08.04 15:13:07.179,9.39664,9.39894,1.10,1.00
2016.08.04 15:13:07.281,9.39664,9.39894,1.10,1.00
2016.08.04 15:13:08.514,9.39674,9.39894,1.00,1.00
2016.08.04 15:13:08.565,9.39674,9.39894,1.00,1.00
2016.08.04 15:13:08.615,9.39684,9.39894,1.00,1.00
2016.08.04 15:13:09.284,9.39684,9.39894,1.00,1.00
2016.08.04 15:13:10.897,9.39684,9.39894,1.00,1.00
2016.08.04 15:13:11.272,9.39684,9.39894,1.00,1.00
2016.08.04 15:13:11.593,9.39684,9.39894,1.00,1.00
2016.08.04 15:13:11.901,9.39694,9.39894,1.00,1.00
2016.08.04 15:13:11.952,9.39694,9.39894,1.00,1.00
2016.08.04 15:13:12.003,9.39704,9.39894,1.00,1.00
2016.08.04 15:13:12.054,9.39704,9.39894,1.00,1.00
2016.08.04 15:13:12.740,9.39714,9.39894,1.00,1.00
2016.08.04 15:13:12.801,9.39704,9.39894,1.00,1.00
2016.08.04 15:13:13.117,9.39704,9.39894,1.00,1.00
2016.08.04 15:13:13.303,9.39694,9.39894,1.50,1.00
2016.08.04 15:13:13.413,9.39704,9.39894,1.00,1.00
2016.08.04 15:13:13.464,9.39704,9.39894,1.00,1.00
2016.08.04 15:13:13.515,9.39684,9.39894,1.50,1.00
2016.08.04 15:13:13.566,9.39684,9.39894,1.00,1.00
2016.08.04 15:13:13.616,9.39694,9.39894,1.00,1.00
2016.08.04 15:13:19.617,9.39684,9.39894,1.50,1.00
2016.08.04 15:13:19.668,9.39684,9.39894,1.00,1.00
2016.08.04 15:13:19.719,9.39694,9.39894,1.00,1.00
2016.08.04 15:13:20.735,9.39684,9.39894,1.50,1.00
2016.08.04 15:13:20.786,9.39684,9.39894,1.00,1.00
2016.08.04 15:13:21.359,9.39694,9.39894,1.00,1.00
2016.08.04 15:13:21.737,9.39684,9.39894,1.00,1.00
2016.08.04 15:13:22.581,9.39684,9.39894,1.50,1.00
2016.08.04 15:13:22.631,9.39704,9.39894,1.00,1.00
2016.08.04 15:13:24.024,9.39704,9.39894,1.00,1.00
2016.08.04 15:13:24.076,9.39694,9.39894,1.00,1.00
2016.08.04 15:13:24.127,9.39694,9.39894,1.00,1.00
2016.08.04 15:13:24.279,9.39684,9.39894,1.50,1.00
2016.08.04 15:13:24.330,9.39684,9.39894,1.50,1.00
2016.08.04 15:13:24.586,9.39684,9.39894,1.00,1.00
2016.08.04 15:13:24.636,9.39684,9.39894,1.00,1.00
2016.08.04 15:13:25.890,9.39694,9.39894,1.00,1.00
2016.08.04 15:13:25.940,9.39694,9.39894,1.00,1.00
2016.08.04 15:13:26.042,9.39694,9.39894,1.00,1.00
2016.08.04 15:13:26.440,9.39703,9.39894,1.00,1.00
2016.08.04 15:13:28.470,9.39684,9.39894,2.17,1.00
2016.08.04 15:13:28.699,9.39684,9.39894,2.17,1.00
2016.08.04 15:13:28.801,9.39684,9.39894,2.17,1.00
2016.08.04 15:13:29.499,9.39684,9.39894,1.42,1.00
2016.08.04 15:13:29.549,9.39684,9.39894,1.42,1.00
2016.08.04 15:13:29.600,9.39674,9.39894,2.77,1.00
2016.08.04 15:13:29.702,9.39674,9.39894,2.77,1.00
2016.08.04 15:13:29.905,9.39684,9.39894,1.57,1.00
2016.08.04 15:13:30.321,9.39674,9.39894,2.92,1.00
2016.08.04 15:13:30.605,9.39674,9.39894,2.92,1.00
2016.08.04 15:13:32.007,9.39674,9.39894,2.92,1.00
2016.08.04 15:13:32.058,9.39674,9.39894,2.17,1.00
2016.08.04 15:13:32.109,9.39674,9.39894,1.00,1.01
2016.08.04 15:13:32.406,9.39674,9.39894,1.05,1.00
2016.08.04 15:13:32.606,9.39674,9.39894,1.00,1.01
2016.08.04 15:13:33.410,9.39674,9.39894,1.00,1.01
2016.08.04 15:13:33.711,9.39674,9.39894,1.00,1.01
2016.08.04 15:13:33.762,9.39674,9.39894,1.50,1.01
2016.08.04 15:13:33.812,9.39674,9.39894,2.85,1.00
2016.08.04 15:13:34.561,9.39684,9.39894,1.00,1.00
2016.08.04 15:13:34.612,9.39684,9.39894,2.85,1.00
2016.08.04 15:13:35.162,9.39684,9.39894,1.00,1.00
2016.08.04 15:13:36.135,9.39684,9.39894,2.55,1.00
2016.08.04 15:13:41.428,9.39684,9.39894,2.70,1.00
2016.08.04 15:13:41.635,9.39684,9.39894,1.00,1.00
2016.08.04 15:13:43.884,9.39684,9.39894,1.00,1.00
2016.08.04 15:13:44.083,9.39704,9.39894,1.00,1.00
2016.08.04 15:13:45.073,9.39694,9.39894,1.00,1.00
2016.08.04 15:13:46.278,9.39694,9.39894,1.00,1.00
2016.08.04 15:13:46.576,9.39684,9.39894,1.00,1.00
2016.08.04 15:13:46.683,9.39684,9.39894,1.00,1.00
2016.08.04 15:13:47.077,9.39694,9.39894,1.00,1.00
2016.08.04 15:13:47.183,9.39694,9.39894,1.00,1.00
2016.08.04 15:13:47.284,9.39694,9.39894,1.00,1.00
2016.08.04 15:13:48.149,9.39684,9.39894,1.00,1.00
2016.08.04 15:13:48.579,9.39694,9.39894,1.00,1.00
2016.08.04 15:13:49.781,9.39684,9.39894,1.00,1.00
2016.08.04 15:13:50.084,9.39694,9.39894,1.00,1.00
2016.08.04 15:13:50.185,9.39694,9.39894,1.00,1.00
2016.08.04 15:13:50.287,9.39694,9.39894,1.00,1.00
2016.08.04 15:13:51.282,9.39683,9.39942,1.00,1.00
2016.08.04 15:13:51.781,9.39684,9.39942,1.20,1.07
2016.08.04 15:13:51.832,9.39694,9.39942,1.00,1.07
2016.08.04 15:13:51.883,9.39694,9.39942,1.00,1.00
2016.08.04 15:13:52.784,9.39684,9.39942,1.00,1.00
2016.08.04 15:13:52.849,9.39684,9.39942,1.80,1.06
2016.08.04 15:13:52.900,9.39684,9.39923,1.80,1.04
2016.08.04 15:13:53.285,9.39694,9.39923,1.00,1.04
2016.08.04 15:13:53.386,9.39694,9.39923,1.00,1.00
2016.08.04 15:13:53.885,9.39694,9.39923,1.00,1.05
2016.08.04 15:13:53.936,9.39683,9.39923,2.62,1.05
2016.08.04 15:13:59.377,9.39683,9.39923,1.00,1.00
2016.08.04 15:13:59.479,9.39683,9.39923,1.00,1.00
2016.08.04 15:13:59.687,9.39683,9.39923,1.00,1.00
2016.08.04 15:13:59.879,9.39684,9.39923,1.10,1.05
2016.08.04 15:13:59.980,9.39684,9.39923,1.10,1.05
2016.08.04 15:14:04.002,9.39684,9.3993,1.10,1.07
2016.08.04 15:14:04.308,9.39684,9.3993,1.10,1.07
2016.08.04 15:14:04.410,9.39643,9.3993,1.87,1.00
2016.08.04 15:14:04.512,9.39661,9.39948,1.37,1.00
2016.08.04 15:14:04.613,9.39661,9.39918,1.37,1.00
2016.08.04 15:14:04.714,9.39684,9.39918,1.87,1.02
2016.08.04 15:14:05.023,9.39674,9.39918,1.35,1.04
2016.08.04 15:14:06.049,9.39678,9.39918,1.00,1.04
2016.08.04 15:14:06.401,9.39678,9.39918,1.00,1.03
2016.08.04 15:14:06.454,9.39678,9.39918,1.00,1.03
2016.08.04 15:14:06.902,9.39678,9.39918,1.00,1.02
2016.08.04 15:14:07.433,9.39678,9.39918,1.00,1.03
2016.08.04 15:14:10.206,9.39678,9.39918,1.00,1.04
2016.08.04 15:14:12.418,9.39678,9.39918,1.00,1.04
2016.08.04 15:14:12.618,9.39678,9.39918,1.00,1.04
2016.08.04 15:14:12.672,9.39678,9.39918,1.00,1.03
2016.08.04 15:14:12.723,9.39684,9.39918,1.50,1.03
2016.08.04 15:14:12.925,9.39678,9.39918,1.00,1.00
2016.08.04 15:14:13.130,9.39678,9.39918,1.00,1.00
2016.08.04 15:14:13.333,9.39678,9.39918,1.00,1.00
2016.08.04 15:14:13.622,9.39678,9.39918,1.00,1.00
2016.08.04 15:14:14.727,9.39678,9.39918,1.12,1.00
2016.08.04 15:14:15.679,9.39678,9.39918,1.12,1.00
2016.08.04 15:14:16.131,9.39678,9.39918,1.12,1.00
2016.08.04 15:14:18.225,9.39678,9.39918,1.12,1.00
2016.08.04 15:14:24.049,9.39683,9.39918,1.00,1.00
2016.08.04 15:14:24.263,9.39684,9.39918,1.42,1.02
2016.08.04 15:14:25.014,9.39684,9.39918,1.42,1.02
2016.08.04 15:14:25.065,9.39683,9.39918,1.00,1.00
2016.08.04 15:14:25.166,9.39683,9.39918,1.00,1.03
2016.08.04 15:14:25.217,9.39683,9.39918,1.00,1.03
2016.08.04 15:14:25.268,9.39684,9.39918,1.65,1.02
2016.08.04 15:14:25.471,9.39683,9.39918,1.00,1.00
2016.08.04 15:14:25.572,9.39684,9.39918,1.10,1.03
2016.08.04 15:14:26.112,9.39683,9.39918,1.00,1.00
2016.08.04 15:14:26.419,9.39683,9.39918,1.00,1.00
2016.08.04 15:14:26.470,9.39684,9.39918,1.50,1.03
2016.08.04 15:14:26.521,9.39684,9.39918,1.50,1.03
2016.08.04 15:14:26.867,9.39683,9.39918,1.00,1.03
2016.08.04 15:14:28.613,9.39683,9.39918,1.00,1.04
2016.08.04 15:14:28.928,9.39683,9.39918,1.00,1.03
2016.08.04 15:14:30.103,9.39684,9.39918,1.95,1.02
2016.08.04 15:14:31.628,9.39683,9.39918,1.00,1.00
2016.08.04 15:14:31.902,9.39684,9.39918,2.02,1.03
2016.08.04 15:14:33.186,9.39683,9.39918,1.00,1.04
2016.08.04 15:14:33.236,9.39683,9.39918,1.00,1.04
2016.08.04 15:14:33.287,9.39684,9.39918,1.20,1.03
2016.08.04 15:14:33.338,9.39684,9.39918,1.20,1.03
2016.08.04 15:14:36.139,9.39683,9.39918,1.00,1.03
2016.08.04 15:14:36.241,9.39683,9.39918,1.00,1.03
2016.08.04 15:14:36.477,9.39683,9.39918,1.00,1.03
2016.08.04 15:14:38.086,9.39683,9.39918,1.00,1.03
2016.08.04 15:14:38.137,9.39683,9.39918,1.00,1.02
2016.08.04 15:14:38.743,9.39683,9.39918,1.00,1.02
2016.08.04 15:14:39.344,9.39683,9.39918,1.00,1.02
2016.08.04 15:14:40.045,9.39683,9.39918,1.00,1.02
2016.08.04 15:14:41.764,9.39683,9.39918,1.00,1.02
2016.08.04 15:14:42.148,9.39683,9.39918,1.00,1.02
2016.08.04 15:14:43.376,9.39683,9.39918,1.00,1.02
2016.08.04 15:14:44.128,9.39674,9.39918,1.57,1.02
2016.08.04 15:14:44.179,9.39674,9.39918,1.57,1.02
2016.08.04 15:14:44.452,9.39674,9.39918,1.57,1.02
2016.08.04 15:14:45.169,9.39674,9.39918,1.57,1.02
2016.08.04 15:14:45.976,9.39674,9.39918,1.00,1.04
2016.08.04 15:14:46.356,9.39674,9.39918,1.00,1.04
2016.08.04 15:14:46.458,9.39674,9.39918,1.00,1.04
2016.08.04 15:14:48.982,9.39674,9.39918,1.00,1.03
2016.08.04 15:14:49.083,9.39674,9.39918,1.00,1.04
2016.08.04 15:14:49.378,9.39674,9.39918,1.00,1.05
2016.08.04 15:14:49.480,9.39674,9.39918,1.00,1.03
2016.08.04 15:14:49.531,9.39656,9.39918,1.37,1.03
2016.08.04 15:14:49.582,9.39656,9.39918,1.00,1.03
2016.08.04 15:14:49.695,9.39634,9.39908,1.37,1.02
2016.08.04 15:14:50.234,9.39634,9.39881,1.37,1.00
2016.08.04 15:14:50.604,9.39624,9.39881,1.87,1.00
2016.08.04 15:14:50.833,9.39624,9.39881,1.37,1.00
2016.08.04 15:14:51.439,9.39644,9.39881,1.37,1.00
2016.08.04 15:14:51.663,9.39644,9.39881,1.37,1.00
2016.08.04 15:14:51.815,9.39634,9.39881,1.87,1.00
2016.08.04 15:14:52.040,9.39644,9.39881,1.37,1.00
2016.08.04 15:14:52.870,9.39644,9.39881,1.37,1.00
2016.08.04 15:14:52.921,9.39624,9.39881,1.37,1.00
2016.08.04 15:14:53.225,9.39633,9.39881,1.37,1.00
2016.08.04 15:14:53.451,9.39624,9.39881,1.37,1.00
2016.08.04 15:14:53.863,9.39624,9.39881,1.87,1.00
2016.08.04 15:14:53.914,9.39634,9.39881,1.37,1.00
2016.08.04 15:14:54.179,9.39634,9.39881,1.00,1.00
2016.08.04 15:14:55.414,9.39644,9.39881,1.00,1.00
2016.08.04 15:14:56.955,9.39634,9.39881,1.00,1.00
2016.08.04 15:14:57.056,9.39623,9.39881,1.37,1.00
2016.08.04 15:14:57.158,9.39621,9.39881,1.37,1.00
2016.08.04 15:14:57.385,9.39621,9.39881,1.37,1.00
2016.08.04 15:15:00.553,9.39643,9.39907,1.00,1.02
2016.08.04 15:15:01.350,9.39643,9.39907,1.00,1.03
2016.08.04 15:15:03.160,9.39643,9.39907,1.00,1.02
2016.08.04 15:15:06.510,9.39643,9.39907,1.00,1.03
2016.08.04 15:15:07.386,9.39643,9.39907,1.37,1.02
2016.08.04 15:15:10.937,9.39649,9.39907,3.75,1.02
2016.08.04 15:15:10.988,9.39652,9.39907,1.75,1.02
2016.08.04 15:15:11.190,9.39668,9.39907,1.50,1.02
2016.08.04 15:15:12.471,9.39652,9.39907,1.75,1.03
2016.08.04 15:15:12.623,9.39652,9.39907,1.75,1.01
2016.08.04 15:15:14.555,9.39652,9.39907,1.75,1.02
2016.08.04 15:15:14.661,9.39652,9.39907,1.75,1.03
2016.08.04 15:15:15.959,9.39652,9.39907,1.75,1.03
2016.08.04 15:15:19.067,9.39652,9.39907,1.75,1.03
2016.08.04 15:15:19.270,9.39652,9.39907,1.75,1.03
2016.08.04 15:15:19.477,9.39652,9.39907,1.75,1.03
2016.08.04 15:15:20.269,9.39652,9.39907,1.75,1.03
2016.08.04 15:15:20.371,9.39652,9.39907,1.75,1.02
2016.08.04 15:15:20.680,9.39652,9.39907,1.75,1.02
2016.08.04 15:15:21.175,9.39652,9.39907,1.75,1.02
2016.08.04 15:15:21.720,9.39652,9.39907,1.75,1.02
2016.08.04 15:15:21.771,9.39654,9.39907,1.75,1.02
2016.08.04 15:15:22.177,9.39652,9.39907,1.75,1.02
2016.08.04 15:15:22.578,9.39654,9.39907,1.75,1.02
2016.08.04 15:15:22.790,9.39673,9.39907,1.37,1.02
2016.08.04 15:15:22.842,9.39673,9.39907,1.37,1.02
2016.08.04 15:15:23.177,9.39674,9.39907,1.72,1.01
2016.08.04 15:15:23.283,9.39674,9.39907,1.72,1.01
2016.08.04 15:15:23.704,9.39664,9.39907,1.75,1.03
2016.08.04 15:15:23.982,9.39664,9.39907,1.75,1.03
2016.08.04 15:15:24.083,9.39674,9.39907,1.37,1.03
2016.08.04 15:15:26.591,9.39664,9.39907,1.75,1.02
2016.08.04 15:15:27.151,9.39664,9.39907,1.75,1.02
2016.08.04 15:15:27.752,9.39664,9.39907,1.75,1.02
2016.08.04 15:15:27.996,9.39664,9.39907,1.75,1.02
2016.08.04 15:15:28.198,9.39674,9.39907,1.37,1.02
2016.08.04 15:15:28.404,9.39664,9.39907,1.75,1.02
2016.08.04 15:15:30.303,9.39674,9.39907,1.37,1.02
2016.08.04 15:15:30.725,9.39664,9.39907,1.75,1.03
2016.08.04 15:15:30.903,9.39674,9.39907,1.37,1.02
2016.08.04 15:15:31.104,9.39664,9.39907,1.75,1.02
2016.08.04 15:15:33.507,9.39655,9.39907,1.75,1.02
2016.08.04 15:15:34.123,9.39664,9.39907,1.75,1.03
2016.08.04 15:15:34.507,9.39664,9.39907,1.75,1.03
2016.08.04 15:15:34.558,9.39655,9.39907,1.75,1.03
2016.08.04 15:15:34.609,9.39655,9.39907,1.75,1.03
2016.08.04 15:15:35.262,9.39655,9.39907,1.75,1.02
2016.08.04 15:15:35.619,9.39664,9.39907,1.75,1.03
2016.08.04 15:15:35.963,9.39655,9.39907,1.75,1.03
2016.08.04 15:15:36.222,9.39664,9.39907,1.75,1.03
2016.08.04 15:15:36.938,9.39674,9.39907,1.37,1.02
2016.08.04 15:15:36.993,9.39674,9.39907,1.37,1.02
2016.08.04 15:15:37.044,9.39673,9.39907,1.37,1.01
2016.08.04 15:15:37.146,9.39674,9.39907,1.37,1.02
2016.08.04 15:15:37.465,9.39664,9.39907,1.75,1.03
2016.08.04 15:15:37.567,9.39655,9.39907,1.75,1.02
2016.08.04 15:15:37.899,9.39655,9.39907,1.75,1.03
2016.08.04 15:15:38.036,9.39655,9.39907,1.75,1.02
2016.08.04 15:15:38.337,9.39664,9.39907,1.75,1.03
2016.08.04 15:15:38.388,9.39664,9.39907,1.75,1.03
2016.08.04 15:15:39.668,9.39655,9.39907,1.75,1.02
2016.08.04 15:15:40.345,9.39664,9.39907,1.75,1.02
2016.08.04 15:15:42.185,9.39655,9.39907,1.75,1.03
2016.08.04 15:15:42.388,9.39655,9.39907,1.75,1.03
2016.08.04 15:15:42.889,9.39655,9.39907,1.75,1.03
2016.08.04 15:15:43.232,9.39655,9.39907,1.75,1.03
2016.08.04 15:15:43.792,9.39655,9.39907,1.75,1.02
2016.08.04 15:15:44.115,9.3966,9.39907,1.75,1.02
2016.08.04 15:15:44.895,9.3966,9.39907,1.75,1.01
2016.08.04 15:15:45.219,9.3966,9.39907,1.75,1.03
2016.08.04 15:15:45.322,9.3966,9.39907,1.75,1.03
2016.08.04 15:15:45.483,9.3966,9.39907,1.75,1.03
2016.08.04 15:15:46.084,9.3966,9.39907,1.75,1.03
2016.08.04 15:15:46.163,9.3966,9.39907,1.75,1.02
2016.08.04 15:15:46.214,9.3966,9.39907,1.75,1.02
2016.08.04 15:15:48.326,9.3966,9.39907,1.75,1.02
2016.08.04 15:15:48.602,9.3966,9.39907,1.75,1.02
2016.08.04 15:15:49.190,9.3966,9.39907,1.75,1.02
2016.08.04 15:15:49.386,9.3966,9.39907,1.75,1.03
2016.08.04 15:15:49.438,9.3966,9.39907,1.75,1.03
2016.08.04 15:15:49.690,9.3966,9.39907,1.75,1.03
2016.08.04 15:15:50.121,9.3966,9.39907,1.75,1.03
2016.08.04 15:15:50.377,9.3966,9.39907,1.75,1.02
2016.08.04 15:15:50.792,9.3966,9.39907,1.75,1.02
2016.08.04 15:15:50.894,9.3966,9.39907,1.75,1.02
2016.08.04 15:15:50.995,9.3966,9.39907,1.75,1.02
2016.08.04 15:15:51.177,9.3966,9.39907,1.75,1.03
2016.08.04 15:15:51.494,9.3966,9.39907,1.75,1.03
2016.08.04 15:15:51.796,9.3966,9.39907,1.75,1.03
2016.08.04 15:15:53.231,9.3966,9.39907,1.75,1.02
2016.08.04 15:15:53.585,9.3966,9.39907,1.75,1.03
2016.08.04 15:15:53.697,9.3966,9.39907,1.75,1.03
2016.08.04 15:15:54.198,9.3966,9.39907,1.75,1.03
2016.08.04 15:15:54.624,9.3966,9.39907,1.75,1.01
2016.08.04 15:15:54.699,9.3966,9.39907,1.75,1.01
2016.08.04 15:15:54.891,9.3966,9.39907,1.75,1.02
2016.08.04 15:15:55.423,9.3966,9.39907,1.75,1.03
2016.08.04 15:15:55.823,9.3966,9.39907,1.75,1.02
2016.08.04 15:15:56.202,9.3966,9.39907,1.75,1.02
2016.08.04 15:15:59.415,9.3966,9.39907,1.75,1.02
2016.08.04 15:15:59.709,9.3966,9.39907,1.75,1.02
2016.08.04 15:15:59.813,9.3966,9.39907,1.75,1.02
2016.08.04 15:16:00.146,9.3966,9.39907,1.75,1.02
2016.08.04 15:16:00.382,9.3966,9.39907,1.75,1.02
2016.08.04 15:16:00.536,9.3966,9.39947,1.75,1.07
2016.08.04 15:16:00.942,9.3966,9.39947,1.75,1.06
2016.08.04 15:16:03.119,9.3966,9.39947,1.75,1.06
2016.08.04 15:16:03.170,9.3966,9.39947,1.75,1.07
2016.08.04 15:16:04.125,9.39664,9.39951,1.75,1.07
2016.08.04 15:16:05.719,9.39664,9.39951,1.75,1.07
2016.08.04 15:16:05.820,9.39664,9.39951,1.75,1.07
2016.08.04 15:16:05.922,9.39664,9.39951,1.75,1.07
2016.08.04 15:16:05.972,9.39664,9.39951,1.75,1.06
2016.08.04 15:16:06.023,9.39664,9.39951,1.75,1.06
2016.08.04 15:16:06.521,9.39664,9.39951,1.75,1.06
2016.08.04 15:16:06.639,9.39664,9.39951,1.75,1.06
2016.08.04 15:16:06.855,9.39664,9.39951,1.75,1.07
2016.08.04 15:16:06.956,9.39664,9.39951,1.75,1.06
2016.08.04 15:16:07.123,9.39664,9.39951,1.75,1.06
2016.08.04 15:16:07.339,9.39664,9.39951,1.75,1.05
2016.08.04 15:16:07.841,9.39664,9.39951,1.75,1.07
2016.08.04 15:16:08.727,9.39664,9.39951,1.75,1.07
2016.08.04 15:16:09.130,9.39664,9.39951,1.75,1.07
2016.08.04 15:16:09.630,9.39664,9.39951,1.75,1.07
2016.08.04 15:16:09.731,9.39664,9.39951,1.75,1.07
2016.08.04 15:16:09.904,9.39664,9.39951,1.75,1.09
2016.08.04 15:16:10.233,9.39664,9.39951,1.75,1.09
2016.08.04 15:16:10.334,9.39664,9.39951,1.75,1.09
2016.08.04 15:16:11.385,9.39664,9.39951,1.75,1.08
2016.08.04 15:16:11.839,9.39664,9.39951,1.75,1.08
2016.08.04 15:16:11.890,9.39664,9.39951,1.75,1.06
2016.08.04 15:16:11.941,9.39664,9.39951,1.75,1.06
2016.08.04 15:16:12.664,9.39664,9.39951,1.75,1.05
2016.08.04 15:16:12.910,9.39664,9.39951,2.25,1.07
2016.08.04 15:16:13.097,9.39664,9.39951,2.25,1.07
2016.08.04 15:16:13.377,9.39664,9.39951,1.75,1.07
2016.08.04 15:16:14.129,9.39664,9.39951,1.75,1.07
2016.08.04 15:16:14.447,9.39664,9.39951,1.75,1.07
2016.08.04 15:16:15.670,9.39664,9.39951,1.75,1.07
2016.08.04 15:16:17.486,9.39664,9.39951,1.75,1.07
2016.08.04 15:16:17.602,9.39664,9.39951,1.75,1.08
2016.08.04 15:16:17.802,9.39664,9.39951,1.75,1.07
2016.08.04 15:16:18.144,9.39664,9.39951,3.00,1.06
2016.08.04 15:16:18.199,9.39674,9.39951,1.37,1.07
2016.08.04 15:16:18.380,9.39664,9.39951,2.25,1.07
2016.08.04 15:16:18.681,9.39664,9.39951,1.75,1.08
2016.08.04 15:16:19.369,9.39664,9.39951,1.75,1.08
2016.08.04 15:16:19.420,9.39664,9.39951,2.25,1.05
2016.08.04 15:16:19.491,9.39664,9.39951,2.25,1.05
2016.08.04 15:16:20.296,9.39664,9.39951,1.75,1.07
2016.08.04 15:16:20.857,9.39664,9.39951,1.75,1.07
2016.08.04 15:16:21.097,9.39664,9.39951,1.75,1.07
2016.08.04 15:16:24.172,9.39667,9.39954,1.75,1.07
2016.08.04 15:16:24.297,9.39667,9.39954,1.75,1.06
2016.08.04 15:16:24.513,9.39667,9.39954,1.75,1.06
2016.08.04 15:16:25.265,9.39667,9.39954,1.75,1.06
2016.08.04 15:16:28.673,9.39667,9.39954,1.75,1.06
2016.08.04 15:16:29.424,9.39667,9.39954,1.75,1.06
2016.08.04 15:16:30.474,9.39667,9.39954,1.75,1.06
2016.08.04 15:16:31.696,9.39684,9.39971,1.37,1.06
2016.08.04 15:16:32.117,9.39684,9.39971,1.37,1.07
2016.08.04 15:16:32.425,9.39684,9.39971,1.37,1.05
2016.08.04 15:16:32.526,9.39684,9.39971,1.37,1.07
2016.08.04 15:16:32.628,9.39684,9.39971,1.37,1.08
2016.08.04 15:16:34.431,9.39684,9.39971,1.37,1.06
2016.08.04 15:16:34.481,9.39684,9.39971,1.37,1.06
2016.08.04 15:16:34.788,9.39684,9.39971,1.37,1.06
2016.08.04 15:16:39.849,9.39684,9.39967,1.37,1.05
2016.08.04 15:16:41.508,9.39684,9.39967,1.37,1.06
2016.08.04 15:16:41.997,9.39684,9.39967,1.37,1.07
2016.08.04 15:16:42.408,9.39684,9.39967,1.37,1.06
2016.08.04 15:16:44.114,9.39673,9.39962,1.37,1.06
2016.08.04 15:16:44.855,9.39673,9.39956,1.37,1.06
2016.08.04 15:16:46.876,9.39673,9.39962,1.37,1.06
2016.08.04 15:16:48.488,9.39673,9.39962,1.37,1.06
2016.08.04 15:16:48.631,9.39673,9.39962,1.37,1.07
2016.08.04 15:16:49.032,9.39673,9.39962,1.37,1.06
2016.08.04 15:16:49.134,9.39673,9.39962,1.37,1.07
2016.08.04 15:16:49.235,9.39673,9.39962,1.37,1.06
2016.08.04 15:16:49.434,9.39673,9.39962,1.37,1.07
2016.08.04 15:16:49.485,9.39673,9.39962,1.37,1.07
2016.08.04 15:16:49.584,9.39673,9.39962,1.37,1.07
2016.08.04 15:16:49.935,9.39673,9.39962,1.37,1.06
2016.08.04 15:16:51.372,9.39673,9.39962,1.37,1.06
2016.08.04 15:16:52.857,9.39673,9.39962,1.37,1.06
2016.08.04 15:16:52.959,9.39673,9.39962,1.37,1.05
2016.08.04 15:16:55.131,9.39673,9.39962,1.37,1.06
2016.08.04 15:16:56.151,9.39673,9.39962,1.37,1.07
2016.08.04 15:16:56.253,9.39673,9.39962,1.37,1.06
2016.08.04 15:17:01.295,9.39673,9.39962,1.37,1.00
2016.08.04 15:17:01.346,9.39673,9.39962,1.37,1.00
2016.08.04 15:17:04.013,9.39675,9.39962,1.37,1.00
2016.08.04 15:17:08.514,9.39675,9.39956,1.37,1.00
2016.08.04 15:17:08.818,9.39675,9.39936,1.37,1.00
2016.08.04 15:17:16.110,9.39675,9.39926,1.37,1.00
2016.08.04 15:17:16.410,9.39675,9.39916,1.37,1.00
2016.08.04 15:17:16.611,9.39675,9.39946,1.37,1.00
2016.08.04 15:17:18.796,9.39675,9.39946,1.37,1.00
2016.08.04 15:17:18.945,9.39675,9.39962,1.37,1.00
2016.08.04 15:17:19.153,9.39675,9.39957,1.37,1.00
2016.08.04 15:17:20.226,9.39675,9.39962,1.37,1.00
2016.08.04 15:17:21.328,9.39675,9.39956,1.37,1.00
2016.08.04 15:17:22.040,9.39675,9.39931,1.37,1.00
2016.08.04 15:17:22.142,9.39694,9.39931,1.10,1.00
2016.08.04 15:17:22.325,9.39694,9.39946,1.10,1.00
2016.08.04 15:17:22.426,9.39696,9.39976,1.00,1.00
2016.08.04 15:17:22.477,9.39717,9.39976,1.00,1.00
2016.08.04 15:17:22.613,9.39717,9.39976,1.37,1.00
2016.08.04 15:17:22.664,9.39717,9.39986,1.37,1.00
2016.08.04 15:17:23.278,9.39734,9.39986,1.37,1.00
2016.08.04 15:17:23.734,9.39734,9.39986,1.00,1.00
2016.08.04 15:17:24.061,9.39736,9.39986,1.00,1.00
2016.08.04 15:17:24.642,9.39736,9.39976,1.00,1.00
2016.08.04 15:17:26.747,9.39736,9.39986,1.00,1.00
2016.08.04 15:17:26.848,9.39736,9.39996,1.00,1.00
2016.08.04 15:17:30.144,9.39736,9.40007,1.00,1.00
2016.08.04 15:17:30.245,9.39736,9.40016,1.00,1.00
2016.08.04 15:17:30.363,9.39736,9.40023,1.00,1.00
2016.08.04 15:17:30.567,9.39755,9.40026,1.00,1.00
2016.08.04 15:17:30.751,9.39755,9.40036,1.00,1.00
2016.08.04 15:17:30.903,9.39755,9.40026,1.00,1.00
2016.08.04 15:17:31.497,9.39755,9.40016,1.00,1.00
2016.08.04 15:17:31.698,9.39755,9.40026,1.00,1.00
2016.08.04 15:17:31.898,9.39755,9.40036,1.00,1.00
2016.08.04 15:17:32.087,9.39773,9.40036,1.00,1.00
2016.08.04 15:17:32.367,9.39773,9.40046,1.00,1.00
2016.08.04 15:17:36.591,9.39773,9.40056,1.00,1.00
2016.08.04 15:17:39.206,9.39773,9.4006,1.00,1.00
2016.08.04 15:17:39.307,9.3979,9.40066,1.00,1.00
2016.08.04 15:17:39.508,9.3979,9.40057,1.00,1.00
2016.08.04 15:17:39.710,9.3979,9.40066,1.00,1.00
2016.08.04 15:17:39.811,9.3979,9.40057,1.00,1.00
2016.08.04 15:17:40.563,9.3979,9.40066,1.00,1.00
2016.08.04 15:17:41.625,9.3979,9.40076,1.00,1.00
2016.08.04 15:17:42.564,9.3979,9.40066,1.00,1.00
2016.08.04 15:17:44.077,9.39792,9.40066,1.00,1.00
2016.08.04 15:17:45.171,9.39792,9.40076,1.00,1.00
2016.08.04 15:17:46.459,9.39792,9.40079,1.00,1.00
2016.08.04 15:17:46.991,9.39809,9.40096,1.00,1.00
2016.08.04 15:17:47.587,9.39825,9.40114,1.00,1.00
2016.08.04 15:17:59.925,9.39825,9.40106,1.00,1.00
2016.08.04 15:18:00.128,9.39809,9.40096,1.00,1.00
2016.08.04 15:18:00.695,9.39809,9.40096,1.00,1.50
2016.08.04 15:18:01.517,9.39791,9.40078,1.00,1.00
2016.08.04 15:18:01.722,9.3981,9.40097,1.00,1.50
2016.08.04 15:18:01.924,9.3981,9.40097,1.00,1.00
2016.08.04 15:18:04.127,9.39806,9.40093,1.00,1.00
2016.08.04 15:18:06.634,9.39823,9.4011,1.00,1.00
2016.08.04 15:18:12.442,9.39847,9.40134,1.00,1.00
2016.08.04 15:18:13.162,9.39847,9.40126,1.00,1.00
2016.08.04 15:18:13.498,9.39847,9.40116,1.00,1.00
2016.08.04 15:18:14.011,9.39847,9.40127,1.00,1.00
2016.08.04 15:18:14.112,9.39847,9.40134,1.00,1.00
2016.08.04 15:18:14.492,9.39847,9.40126,1.00,1.00
2016.08.04 15:18:14.943,9.39828,9.40115,1.00,1.00
2016.08.04 15:18:19.225,9.3983,9.40115,1.00,1.00
2016.08.04 15:18:19.372,9.3985,9.40136,1.00,1.00
2016.08.04 15:18:21.466,9.3985,9.40126,1.00,1.00
2016.08.04 15:18:22.120,9.3985,9.40116,1.00,1.00
2016.08.04 15:18:22.967,9.3985,9.40127,1.00,1.00
2016.08.04 15:18:24.078,9.39843,9.40127,1.00,1.00
2016.08.04 15:18:24.128,9.39843,9.40116,1.00,1.00
2016.08.04 15:18:25.674,9.39824,9.40106,1.00,1.00
2016.08.04 15:18:25.932,9.39824,9.40111,1.00,1.00
2016.08.04 15:18:26.033,9.39824,9.40106,1.00,1.00
2016.08.04 15:18:26.135,9.39824,9.40111,1.00,1.00
2016.08.04 15:18:27.161,9.39824,9.40106,1.00,1.00
2016.08.04 15:18:27.235,9.39824,9.40111,1.00,1.00
2016.08.04 15:18:27.436,9.39824,9.40106,1.00,1.00
2016.08.04 15:18:28.439,9.39824,9.40111,1.00,1.00
2016.08.04 15:18:29.043,9.39824,9.40106,1.00,1.00
2016.08.04 15:18:29.144,9.39824,9.40111,1.00,1.00
2016.08.04 15:18:29.979,9.39845,9.40126,1.00,1.00
