2012.08.09 15:00:00.088,7.2883,7.28939,1.50,1.88
2012.08.09 15:00:00.424,7.28833,7.28942,1.50,2.48
2012.08.09 15:00:00.935,7.28832,7.28935,1.50,1.13
2012.08.09 15:00:01.816,7.28829,7.28935,1.50,1.13
2012.08.09 15:00:02.008,7.28809,7.2892,1.50,2.25
2012.08.09 15:00:02.144,7.28797,7.28908,1.50,2.25
2012.08.09 15:00:02.867,7.2879,7.28899,1.50,1.50
2012.08.09 15:00:03.123,7.28797,7.28908,1.50,2.25
2012.08.09 15:00:03.246,7.28787,7.28896,1.73,1.50
2012.08.09 15:00:03.588,7.28794,7.28905,1.50,2.25
2012.08.09 15:00:04.375,7.28794,7.28905,1.50,1.50
2012.08.09 15:00:04.496,7.28794,7.28905,1.50,2.10
2012.08.09 15:00:05.060,7.28794,7.28879,1.50,1.50
2012.08.09 15:00:05.135,7.28756,7.28867,1.50,2.48
2012.08.09 15:00:05.489,7.28733,7.28827,1.73,1.50
2012.08.09 15:00:05.672,7.28781,7.28892,1.50,1.50
2012.08.09 15:00:05.853,7.28797,7.28906,1.50,2.48
2012.08.09 15:00:06.036,7.28785,7.28894,1.50,1.50
2012.08.09 15:00:07.481,7.28785,7.28894,1.50,2.25
2012.08.09 15:00:08.714,7.28792,7.28901,1.50,1.13
2012.08.09 15:00:09.460,7.28792,7.28901,1.50,1.13
2012.08.09 15:00:10.131,7.28803,7.28901,1.50,1.13
2012.08.09 15:00:10.315,7.288,7.28901,1.50,1.13
2012.08.09 15:00:11.389,7.28782,7.28891,1.50,2.25
2012.08.09 15:00:11.929,7.28782,7.28891,1.50,2.25
2012.08.09 15:00:12.444,7.28792,7.28901,1.50,1.13
2012.08.09 15:00:12.626,7.28785,7.28894,1.50,2.25
2012.08.09 15:00:13.454,7.28785,7.28894,1.50,1.50
2012.08.09 15:00:13.520,7.28761,7.28848,1.50,1.50
2012.08.09 15:00:13.584,7.28739,7.28848,1.73,1.50
2012.08.09 15:00:13.649,7.28725,7.28836,1.50,1.73
2012.08.09 15:00:13.771,7.28744,7.28855,1.50,1.73
2012.08.09 15:00:13.836,7.28744,7.28855,1.50,2.48
2012.08.09 15:00:14.195,7.28744,7.28851,1.50,1.73
2012.08.09 15:00:14.489,7.28734,7.28843,1.50,2.48
2012.08.09 15:00:14.553,7.28711,7.2882,1.50,1.50
2012.08.09 15:00:14.733,7.28703,7.28812,1.50,1.73
2012.08.09 15:00:14.854,7.28686,7.28797,1.50,1.50
2012.08.09 15:00:15.150,7.28677,7.28786,1.50,1.50
2012.08.09 15:00:15.386,7.28683,7.28794,1.50,1.50
2012.08.09 15:00:16.567,7.2869,7.28801,1.50,1.50
2012.08.09 15:00:17.262,7.28704,7.28813,1.73,2.25
2012.08.09 15:00:17.331,7.28662,7.28773,2.25,1.73
2012.08.09 15:00:17.395,7.28662,7.28773,2.48,1.50
2012.08.09 15:00:17.459,7.28662,7.28773,2.48,1.50
2012.08.09 15:00:17.525,7.28737,7.28846,1.50,1.88
2012.08.09 15:00:17.647,7.28726,7.28835,1.50,2.25
2012.08.09 15:00:17.945,7.28695,7.28806,1.50,1.50
2012.08.09 15:00:18.010,7.28698,7.28809,1.50,1.50
2012.08.09 15:00:18.365,7.28726,7.28835,1.50,2.48
2012.08.09 15:00:18.522,7.28712,7.28821,1.50,1.50
2012.08.09 15:00:19.695,7.28703,7.28812,1.50,1.50
2012.08.09 15:00:21.587,7.28703,7.28812,1.73,1.50
2012.08.09 15:00:21.654,7.28739,7.28848,1.50,1.50
2012.08.09 15:00:21.775,7.28751,7.28862,1.50,2.25
2012.08.09 15:00:23.362,7.28744,7.28853,1.50,1.88
2012.08.09 15:00:27.331,7.28735,7.28844,1.50,1.50
2012.08.09 15:00:28.829,7.28756,7.28867,1.50,2.48
2012.08.09 15:00:30.815,7.28749,7.28858,1.50,2.25
2012.08.09 15:00:30.948,7.2876,7.28869,1.50,2.48
2012.08.09 15:00:32.804,7.28778,7.28869,1.50,2.48
2012.08.09 15:00:33.154,7.28776,7.2888,1.50,1.73
2012.08.09 15:00:33.817,7.28775,7.2888,1.50,1.73
2012.08.09 15:00:34.924,7.28766,7.28877,1.50,2.48
2012.08.09 15:00:35.270,7.28756,7.28867,1.50,2.48
2012.08.09 15:00:36.197,7.28756,7.28867,1.50,2.48
2012.08.09 15:00:36.431,7.28768,7.28877,1.50,3.23
2012.08.09 15:00:38.543,7.28759,7.2887,1.50,2.48
2012.08.09 15:00:39.970,7.28749,7.2886,1.50,2.25
2012.08.09 15:00:41.995,7.28768,7.28877,1.50,3.23
2012.08.09 15:00:43.809,7.28747,7.28856,1.50,1.88
2012.08.09 15:00:43.930,7.28756,7.28867,1.50,2.48
2012.08.09 15:00:44.352,7.28771,7.28877,1.50,1.73
2012.08.09 15:00:44.674,7.28762,7.28873,1.50,2.48
2012.08.09 15:00:47.488,7.28771,7.28877,1.50,1.73
2012.08.09 15:00:48.123,7.28761,7.28872,1.50,2.48
2012.08.09 15:00:48.243,7.28752,7.28861,1.50,2.25
2012.08.09 15:00:49.488,7.28769,7.28877,1.50,1.73
2012.08.09 15:00:51.851,7.2876,7.28871,1.50,2.48
2012.08.09 15:00:57.467,7.2876,7.28871,1.50,2.48
2012.08.09 15:00:57.530,7.2876,7.28849,1.50,1.50
2012.08.09 15:00:57.594,7.28715,7.28826,1.50,1.50
2012.08.09 15:00:58.794,7.28741,7.28849,1.50,1.50
2012.08.09 15:00:59.337,7.28741,7.2885,1.50,1.50
2012.08.09 15:01:02.686,7.28717,7.28828,1.50,1.50
2012.08.09 15:01:02.806,7.28733,7.28842,1.50,1.50
2012.08.09 15:01:03.349,7.28716,7.28827,1.50,1.50
2012.08.09 15:01:03.412,7.28735,7.28844,1.50,1.50
2012.08.09 15:01:19.234,7.28723,7.28832,1.50,1.50
2012.08.09 15:01:19.355,7.28731,7.28842,1.50,1.50
2012.08.09 15:01:19.418,7.28722,7.28833,1.50,1.50
2012.08.09 15:01:20.600,7.28719,7.28828,1.50,1.50
2012.08.09 15:01:22.365,7.2873,7.28839,1.50,1.50
2012.08.09 15:01:22.686,7.28727,7.28836,1.50,1.50
2012.08.09 15:01:23.145,7.28714,7.28825,1.50,1.50
2012.08.09 15:01:23.376,7.28723,7.28832,1.50,1.50
2012.08.09 15:01:23.440,7.2871,7.28821,1.50,1.50
2012.08.09 15:01:24.190,7.28719,7.28828,1.50,1.50
2012.08.09 15:01:25.307,7.28721,7.28832,1.50,1.50
2012.08.09 15:01:28.170,7.2873,7.28841,1.50,1.50
2012.08.09 15:01:28.806,7.28718,7.28827,1.50,1.50
2012.08.09 15:01:29.941,7.28733,7.28844,1.50,1.50
2012.08.09 15:01:30.178,7.28723,7.28834,1.50,1.50
2012.08.09 15:01:31.353,7.28745,7.28854,1.50,1.50
2012.08.09 15:01:31.722,7.28741,7.2885,1.50,1.50
2012.08.09 15:01:32.079,7.28708,7.28817,1.50,1.50
2012.08.09 15:01:40.171,7.28699,7.2881,1.50,1.50
2012.08.09 15:01:40.612,7.28692,7.28801,1.50,1.50
2012.08.09 15:01:41.521,7.28699,7.2881,1.50,1.50
2012.08.09 15:01:42.139,7.28708,7.28819,1.50,1.50
2012.08.09 15:01:43.274,7.28689,7.288,1.50,1.50
2012.08.09 15:01:49.132,7.287,7.28809,1.50,1.50
2012.08.09 15:01:53.064,7.28691,7.28802,1.50,1.50
2012.08.09 15:01:54.463,7.28683,7.28794,1.50,1.50
2012.08.09 15:02:00.561,7.28694,7.28805,1.50,1.50
2012.08.09 15:02:02.629,7.28687,7.28796,1.50,1.50
2012.08.09 15:02:06.752,7.28713,7.28822,1.50,1.73
2012.08.09 15:02:06.875,7.28701,7.2881,1.50,1.50
2012.08.09 15:02:06.998,7.28673,7.28782,1.50,1.50
2012.08.09 15:02:08.365,7.28688,7.28797,1.50,1.50
2012.08.09 15:02:09.321,7.2868,7.28789,1.50,1.50
2012.08.09 15:02:12.697,7.28685,7.28796,1.50,1.50
2012.08.09 15:02:14.061,7.28674,7.28785,1.50,1.50
2012.08.09 15:02:15.447,7.28657,7.28766,1.73,1.50
2012.08.09 15:02:15.750,7.28668,7.28777,1.50,1.50
2012.08.09 15:02:16.100,7.28675,7.28784,1.50,1.50
2012.08.09 15:02:17.684,7.28683,7.28794,1.50,1.50
2012.08.09 15:02:17.748,7.28674,7.28783,1.50,1.50
2012.08.09 15:02:24.428,7.28683,7.28792,1.50,1.50
2012.08.09 15:02:26.858,7.28691,7.28802,1.50,1.73
2012.08.09 15:02:27.131,7.28683,7.28794,1.50,1.50
2012.08.09 15:02:28.943,7.28694,7.28803,1.50,1.73
2012.08.09 15:02:29.641,7.28671,7.28782,1.50,1.50
2012.08.09 15:02:29.763,7.28689,7.288,1.50,1.50
2012.08.09 15:02:30.897,7.28704,7.28813,1.50,1.50
2012.08.09 15:02:31.796,7.28696,7.28805,1.50,1.50
2012.08.09 15:02:32.185,7.28703,7.28814,1.50,1.50
2012.08.09 15:02:35.166,7.28692,7.28801,1.50,1.50
2012.08.09 15:02:35.688,7.28701,7.2881,1.50,1.50
2012.08.09 15:02:37.074,7.28701,7.2881,1.50,2.25
2012.08.09 15:02:37.426,7.28688,7.28799,1.50,1.73
2012.08.09 15:02:39.279,7.28697,7.28808,1.50,2.48
2012.08.09 15:02:43.343,7.28689,7.288,1.50,1.73
2012.08.09 15:02:52.971,7.28681,7.28792,1.50,1.73
2012.08.09 15:02:58.673,7.28691,7.288,1.50,1.73
2012.08.09 15:02:59.189,7.28682,7.28793,1.50,1.73
2012.08.09 15:02:59.657,7.28667,7.28776,1.50,1.50
2012.08.09 15:02:59.778,7.28697,7.28806,2.10,1.73
2012.08.09 15:02:59.898,7.28756,7.28867,1.50,1.50
2012.08.09 15:03:00.018,7.28748,7.28859,1.73,1.50
2012.08.09 15:03:00.365,7.28751,7.28862,1.50,1.50
2012.08.09 15:03:00.737,7.28775,7.28884,1.50,1.50
2012.08.09 15:03:01.253,7.28752,7.28863,1.50,1.50
2012.08.09 15:03:01.401,7.28758,7.28869,1.50,1.50
2012.08.09 15:03:01.798,7.28747,7.28858,1.73,1.50
2012.08.09 15:03:02.134,7.28748,7.28816,1.58,1.50
2012.08.09 15:03:02.203,7.28748,7.28855,1.58,2.48
2012.08.09 15:03:02.385,7.2873,7.28839,1.50,1.73
2012.08.09 15:03:02.449,7.28706,7.28806,1.50,1.50
2012.08.09 15:03:02.629,7.28695,7.28806,1.50,1.50
2012.08.09 15:03:03.344,7.28722,7.28831,1.50,1.73
2012.08.09 15:03:04.079,7.28713,7.28822,1.50,1.73
2012.08.09 15:03:05.170,7.28704,7.28813,1.50,1.50
2012.08.09 15:03:05.525,7.28694,7.28803,1.50,1.50
2012.08.09 15:03:08.444,7.28715,7.28826,1.50,1.73
2012.08.09 15:03:08.684,7.28762,7.28871,1.50,1.50
2012.08.09 15:03:08.807,7.28735,7.28844,1.50,1.50
2012.08.09 15:03:12.450,7.2875,7.28859,1.50,1.50
2012.08.09 15:03:12.879,7.2874,7.28851,1.50,1.50
2012.08.09 15:03:15.942,7.28786,7.28875,1.50,1.73
2012.08.09 15:03:16.065,7.28762,7.28851,1.50,1.50
2012.08.09 15:03:16.128,7.28742,7.28851,1.50,1.50
2012.08.09 15:03:20.283,7.28733,7.28842,1.50,1.50
2012.08.09 15:03:20.405,7.2871,7.28821,1.50,1.50
2012.08.09 15:03:20.931,7.28716,7.28825,1.50,1.50
2012.08.09 15:03:25.787,7.28726,7.28835,1.50,1.50
2012.08.09 15:03:26.312,7.28704,7.28813,1.50,1.50
2012.08.09 15:03:26.663,7.28695,7.28804,1.50,1.73
2012.08.09 15:03:29.330,7.28686,7.28795,1.50,1.50
2012.08.09 15:03:29.821,7.28696,7.28807,1.50,1.73
2012.08.09 15:03:30.183,7.28705,7.28814,1.50,1.73
2012.08.09 15:03:31.789,7.28712,7.28823,1.50,2.48
2012.08.09 15:03:32.148,7.28703,7.28812,1.50,1.73
2012.08.09 15:03:33.151,7.28689,7.28798,1.50,1.50
2012.08.09 15:03:35.778,7.28691,7.28802,1.50,1.50
2012.08.09 15:03:35.959,7.28705,7.28816,1.50,1.73
2012.08.09 15:03:36.080,7.2869,7.28801,1.50,1.50
2012.08.09 15:03:38.443,7.28699,7.2881,1.50,1.73
2012.08.09 15:03:42.704,7.28691,7.28802,1.50,1.50
2012.08.09 15:03:44.461,7.28679,7.2879,1.50,1.50
2012.08.09 15:03:44.818,7.28694,7.28805,1.50,1.73
2012.08.09 15:03:45.001,7.28686,7.28797,1.50,1.50
2012.08.09 15:03:50.213,7.28697,7.28806,1.50,2.48
2012.08.09 15:03:51.836,7.28697,7.28806,1.50,2.48
2012.08.09 15:03:52.205,7.28697,7.28806,1.50,2.48
2012.08.09 15:03:53.444,7.28697,7.28806,1.50,2.48
2012.08.09 15:03:55.723,7.28674,7.28783,1.50,1.50
2012.08.09 15:03:55.785,7.28674,7.28783,1.50,2.25
2012.08.09 15:03:56.480,7.28665,7.28776,1.50,2.25
2012.08.09 15:03:58.252,7.2868,7.28791,1.50,2.25
2012.08.09 15:04:03.276,7.28694,7.28803,1.50,2.48
2012.08.09 15:04:05.145,7.28694,7.28803,1.50,2.48
2012.08.09 15:04:06.576,7.28711,7.28816,1.50,1.73
2012.08.09 15:04:07.913,7.28703,7.28814,1.50,2.48
2012.08.09 15:04:08.531,7.28703,7.28814,1.50,2.48
2012.08.09 15:04:08.600,7.2867,7.28781,1.50,2.25
2012.08.09 15:04:09.643,7.2867,7.28781,1.50,2.25
2012.08.09 15:04:11.403,7.2867,7.28781,1.50,2.25
2012.08.09 15:04:11.932,7.28681,7.2879,1.50,2.25
2012.08.09 15:04:11.995,7.2867,7.28779,1.50,2.25
2012.08.09 15:04:12.694,7.2867,7.28779,1.50,1.50
2012.08.09 15:04:12.882,7.28681,7.28792,1.50,1.50
2012.08.09 15:04:13.003,7.28691,7.288,1.50,2.48
2012.08.09 15:04:15.049,7.28663,7.28774,1.50,1.50
2012.08.09 15:04:16.361,7.28663,7.28774,1.50,2.25
2012.08.09 15:04:16.480,7.28639,7.2875,3.00,1.50
2012.08.09 15:04:16.717,7.28639,7.2875,1.73,1.50
2012.08.09 15:04:17.066,7.2863,7.28739,1.73,1.50
2012.08.09 15:04:17.269,7.28649,7.2876,1.50,1.50
2012.08.09 15:04:20.053,7.2864,7.28749,1.50,1.50
2012.08.09 15:04:21.524,7.28628,7.28737,1.73,1.50
2012.08.09 15:04:22.631,7.2862,7.28729,1.73,1.50
2012.08.09 15:04:24.149,7.28634,7.28743,1.73,1.50
2012.08.09 15:04:24.272,7.28641,7.28752,1.50,2.25
2012.08.09 15:04:24.823,7.28633,7.28744,1.73,1.50
2012.08.09 15:04:25.270,7.28643,7.28744,1.50,1.50
2012.08.09 15:04:26.075,7.28684,7.28793,1.50,2.48
2012.08.09 15:04:33.636,7.28695,7.28804,1.50,2.48
2012.08.09 15:04:33.939,7.28685,7.28794,1.50,2.48
2012.08.09 15:04:34.110,7.28692,7.28803,1.50,2.48
2012.08.09 15:04:34.314,7.28684,7.28793,1.50,2.48
2012.08.09 15:04:34.774,7.28674,7.28785,1.50,2.25
2012.08.09 15:04:36.148,7.28682,7.28793,1.50,2.48
2012.08.09 15:04:36.517,7.28657,7.28768,1.50,2.25
2012.08.09 15:04:37.414,7.28667,7.28776,1.50,2.25
2012.08.09 15:04:37.539,7.28655,7.28766,1.50,2.25
2012.08.09 15:04:37.729,7.28665,7.28774,1.50,2.25
2012.08.09 15:04:38.444,7.28678,7.28789,1.50,2.25
2012.08.09 15:04:38.927,7.28688,7.28797,1.50,2.48
2012.08.09 15:04:39.435,7.28688,7.28797,1.50,2.48
2012.08.09 15:04:39.613,7.28671,7.2878,1.50,2.25
2012.08.09 15:04:39.677,7.28671,7.2878,1.50,2.48
2012.08.09 15:04:39.741,7.2865,7.28761,1.50,1.50
2012.08.09 15:04:41.504,7.2865,7.28761,1.50,2.25
2012.08.09 15:04:42.042,7.28651,7.28762,1.50,2.25
2012.08.09 15:04:42.106,7.28641,7.28752,1.50,2.25
2012.08.09 15:04:42.624,7.28641,7.28752,1.50,2.25
2012.08.09 15:04:42.805,7.28634,7.28743,1.50,2.25
2012.08.09 15:04:45.029,7.28634,7.28743,1.50,2.25
2012.08.09 15:04:45.206,7.28624,7.28735,1.50,2.25
2012.08.09 15:04:46.613,7.28634,7.28745,1.50,2.25
2012.08.09 15:04:47.659,7.28634,7.28745,1.50,2.25
2012.08.09 15:04:47.790,7.2864,7.28745,1.50,2.25
2012.08.09 15:04:48.402,7.28665,7.28774,1.50,2.48
2012.08.09 15:04:50.403,7.28665,7.28774,1.50,2.48
2012.08.09 15:04:50.663,7.28624,7.28735,1.50,2.25
2012.08.09 15:04:50.841,7.28631,7.28742,1.50,2.25
2012.08.09 15:04:51.353,7.28639,7.2875,1.50,2.25
2012.08.09 15:04:51.771,7.28639,7.2875,1.50,2.25
2012.08.09 15:04:51.835,7.28653,7.28764,1.50,2.48
2012.08.09 15:04:51.899,7.28653,7.28764,1.50,2.48
2012.08.09 15:04:52.077,7.28666,7.28777,1.50,2.48
2012.08.09 15:04:53.632,7.28666,7.28777,1.50,2.48
2012.08.09 15:04:54.224,7.28669,7.28778,1.50,2.48
2012.08.09 15:04:54.631,7.28669,7.28778,1.50,2.48
2012.08.09 15:04:55.026,7.28671,7.28782,1.50,2.48
2012.08.09 15:04:55.289,7.28662,7.28773,1.50,2.48
2012.08.09 15:05:00.275,7.2866,7.28771,1.50,2.48
2012.08.09 15:05:03.083,7.28651,7.28762,1.50,2.48
2012.08.09 15:05:05.269,7.2866,7.28771,1.50,2.48
2012.08.09 15:05:12.274,7.2866,7.28771,1.50,2.48
2012.08.09 15:05:12.764,7.28671,7.2878,1.50,2.48
2012.08.09 15:05:17.674,7.28652,7.28763,1.50,2.48
2012.08.09 15:05:20.561,7.28663,7.28772,1.50,2.48
2012.08.09 15:05:22.063,7.28649,7.28758,1.50,1.50
2012.08.09 15:05:28.766,7.28636,7.28745,1.50,1.50
2012.08.09 15:05:29.116,7.28659,7.2877,1.50,2.25
2012.08.09 15:05:29.351,7.28659,7.2877,1.50,1.50
2012.08.09 15:05:31.967,7.28651,7.28762,1.50,1.50
2012.08.09 15:05:37.667,7.28641,7.28752,1.50,1.50
2012.08.09 15:05:38.012,7.28665,7.28776,1.50,2.48
2012.08.09 15:05:38.296,7.28656,7.28767,1.50,1.50
2012.08.09 15:05:39.242,7.28644,7.28753,1.50,1.50
2012.08.09 15:05:39.364,7.28662,7.28773,1.50,2.48
2012.08.09 15:05:39.756,7.28662,7.28773,1.50,2.48
2012.08.09 15:05:39.819,7.28654,7.28765,1.50,2.25
2012.08.09 15:05:40.283,7.28663,7.28774,1.50,2.25
2012.08.09 15:05:41.464,7.28663,7.28774,1.50,2.25
2012.08.09 15:05:43.586,7.28651,7.28762,1.50,2.25
2012.08.09 15:05:44.749,7.2866,7.28769,1.50,2.25
2012.08.09 15:05:50.048,7.28661,7.2877,1.50,2.25
2012.08.09 15:05:52.565,7.28653,7.28762,1.50,2.25
2012.08.09 15:05:54.614,7.28661,7.28772,1.50,2.25
2012.08.09 15:05:56.953,7.28658,7.28769,1.50,2.25
2012.08.09 15:05:59.101,7.28649,7.2876,1.50,1.50
2012.08.09 15:05:59.204,7.28659,7.28768,1.50,2.25
2012.08.09 15:06:01.275,7.28668,7.28777,1.50,2.25
2012.08.09 15:06:01.463,7.28658,7.28769,1.50,2.25
2012.08.09 15:06:03.760,7.28658,7.28769,1.50,1.50
2012.08.09 15:06:03.824,7.2865,7.28761,1.50,1.50
2012.08.09 15:06:04.483,7.28679,7.28788,1.50,2.25
2012.08.09 15:06:04.554,7.28651,7.28762,1.50,1.50
2012.08.09 15:06:06.527,7.28663,7.28774,1.50,1.50
2012.08.09 15:06:07.057,7.28647,7.28758,1.73,1.50
2012.08.09 15:06:07.267,7.28657,7.28768,1.50,1.50
2012.08.09 15:06:07.939,7.28669,7.2878,1.50,1.50
2012.08.09 15:06:08.898,7.28669,7.2878,1.50,2.25
2012.08.09 15:06:11.187,7.28669,7.2878,1.50,1.73
2012.08.09 15:06:11.251,7.28692,7.28803,1.50,2.48
2012.08.09 15:06:11.371,7.28658,7.28769,1.50,1.50
2012.08.09 15:06:13.363,7.28683,7.28792,1.50,2.48
2012.08.09 15:06:15.484,7.28683,7.28792,1.50,2.48
2012.08.09 15:06:19.485,7.28683,7.28792,1.50,2.48
2012.08.09 15:06:19.549,7.28692,7.28788,1.50,1.73
2012.08.09 15:06:19.668,7.28653,7.28764,1.50,1.50
2012.08.09 15:06:19.867,7.28661,7.28772,1.50,1.73
2012.08.09 15:06:27.710,7.28654,7.28763,1.50,1.50
2012.08.09 15:06:28.028,7.28645,7.28754,1.50,1.50
2012.08.09 15:06:30.787,7.28648,7.28757,1.50,1.50
2012.08.09 15:06:31.434,7.28656,7.28765,1.50,1.50
2012.08.09 15:06:31.618,7.28652,7.28763,1.50,1.50
2012.08.09 15:06:32.829,7.28661,7.28772,1.50,1.73
2012.08.09 15:06:34.285,7.28652,7.28761,1.50,1.50
2012.08.09 15:06:36.592,7.28627,7.28729,1.50,1.50
2012.08.09 15:06:36.658,7.2862,7.28729,2.25,1.50
2012.08.09 15:06:36.722,7.28639,7.2875,1.50,1.50
2012.08.09 15:06:36.786,7.28639,7.2875,1.73,1.50
2012.08.09 15:06:37.127,7.28683,7.28792,1.50,2.25
2012.08.09 15:06:38.526,7.28683,7.28792,1.50,2.25
2012.08.09 15:06:41.184,7.28675,7.28784,1.50,2.25
2012.08.09 15:06:44.156,7.28675,7.28784,1.50,1.50
2012.08.09 15:06:44.277,7.28692,7.28801,1.50,3.23
2012.08.09 15:06:44.398,7.28674,7.28783,1.50,1.73
2012.08.09 15:06:44.807,7.2866,7.28769,1.50,1.50
2012.08.09 15:07:04.840,7.28656,7.28767,1.50,1.50
2012.08.09 15:07:09.865,7.28666,7.28777,1.50,2.48
2012.08.09 15:07:10.433,7.28658,7.28769,1.50,1.50
2012.08.09 15:07:12.199,7.28625,7.28736,1.73,1.50
2012.08.09 15:07:12.322,7.28662,7.28771,1.50,1.50
2012.08.09 15:07:12.442,7.28681,7.2879,1.50,2.25
2012.08.09 15:07:13.545,7.28681,7.2879,1.50,2.25
2012.08.09 15:07:20.419,7.28692,7.28792,1.50,1.50
2012.08.09 15:07:20.482,7.28692,7.28801,1.50,2.25
2012.08.09 15:07:20.545,7.28674,7.28783,1.50,1.50
2012.08.09 15:07:20.609,7.28674,7.28783,1.50,1.73
2012.08.09 15:07:20.729,7.28655,7.28766,1.50,1.50
2012.08.09 15:07:21.133,7.28681,7.2879,1.50,1.50
2012.08.09 15:07:22.177,7.28662,7.28771,1.50,1.50
2012.08.09 15:07:22.528,7.28676,7.28785,1.73,1.50
2012.08.09 15:07:22.993,7.28684,7.28793,1.50,2.25
2012.08.09 15:07:25.515,7.28684,7.28793,1.50,2.25
2012.08.09 15:07:28.117,7.28698,7.28807,1.50,2.25
2012.08.09 15:07:29.726,7.28698,7.28807,1.50,1.50
2012.08.09 15:07:29.789,7.28714,7.28808,1.50,1.73
2012.08.09 15:07:29.911,7.28675,7.28784,1.50,1.50
2012.08.09 15:07:32.451,7.28675,7.28784,1.50,2.25
2012.08.09 15:07:33.160,7.28675,7.28784,1.50,1.50
2012.08.09 15:07:33.291,7.28693,7.28804,1.50,1.73
2012.08.09 15:07:33.414,7.28662,7.28773,1.50,1.50
2012.08.09 15:07:39.510,7.28657,7.28766,1.50,1.50
2012.08.09 15:07:39.890,7.28667,7.28766,1.61,1.50
2012.08.09 15:07:40.246,7.28721,7.28807,1.50,1.13
2012.08.09 15:07:40.429,7.28702,7.28811,1.50,1.73
2012.08.09 15:07:40.493,7.28647,7.28756,1.73,1.50
2012.08.09 15:07:40.615,7.28668,7.28777,1.50,1.50
2012.08.09 15:07:40.744,7.28681,7.2879,1.50,1.50
2012.08.09 15:07:41.426,7.28681,7.2879,1.50,1.73
2012.08.09 15:07:41.665,7.28662,7.28771,1.50,1.50
2012.08.09 15:07:41.787,7.28653,7.28762,1.50,1.50
2012.08.09 15:07:42.157,7.28663,7.28772,1.50,1.50
2012.08.09 15:07:43.419,7.28673,7.28782,1.50,1.50
2012.08.09 15:07:50.428,7.28665,7.28774,1.50,1.50
2012.08.09 15:07:51.343,7.28677,7.28774,1.14,1.50
2012.08.09 15:07:51.648,7.28721,7.28832,1.50,1.50
2012.08.09 15:07:52.573,7.2873,7.28839,1.50,1.50
2012.08.09 15:07:54.114,7.2873,7.28839,1.50,2.25
2012.08.09 15:07:54.351,7.28693,7.28804,1.50,2.10
2012.08.09 15:07:54.472,7.28706,7.28811,1.50,1.73
2012.08.09 15:07:59.744,7.28698,7.28807,1.50,2.48
2012.08.09 15:08:03.122,7.28689,7.28798,1.50,1.73
2012.08.09 15:08:04.302,7.28689,7.28798,1.73,1.50
2012.08.09 15:08:04.366,7.28711,7.28822,1.50,1.50
2012.08.09 15:08:07.381,7.28721,7.2883,1.50,1.50
2012.08.09 15:08:07.820,7.28721,7.2883,1.50,2.25
2012.08.09 15:08:08.171,7.28729,7.28812,1.50,1.73
2012.08.09 15:08:08.293,7.28698,7.28809,1.50,2.48
2012.08.09 15:08:09.578,7.28689,7.28798,1.50,1.73
2012.08.09 15:08:09.877,7.28697,7.28806,1.50,2.48
2012.08.09 15:08:10.117,7.28687,7.28796,1.50,1.73
2012.08.09 15:08:20.093,7.28697,7.28808,1.50,2.48
2012.08.09 15:08:20.770,7.28687,7.28798,1.50,1.73
2012.08.09 15:08:21.504,7.28696,7.28807,1.50,2.48
2012.08.09 15:08:24.198,7.28688,7.28799,1.50,1.73
2012.08.09 15:08:28.199,7.28668,7.28774,1.21,1.50
2012.08.09 15:08:28.726,7.28665,7.28774,2.03,1.50
2012.08.09 15:08:35.195,7.28665,7.28774,1.50,1.50
2012.08.09 15:08:37.270,7.28665,7.28774,2.28,1.50
2012.08.09 15:08:37.458,7.28672,7.28783,1.58,1.50
2012.08.09 15:08:40.338,7.28672,7.28783,1.58,1.50
2012.08.09 15:08:40.458,7.28664,7.28773,2.23,1.50
2012.08.09 15:08:52.052,7.28658,7.28755,1.36,1.50
2012.08.09 15:08:52.115,7.28648,7.28779,1.47,1.50
2012.08.09 15:08:52.179,7.28661,7.2877,2.04,1.50
2012.08.09 15:08:52.530,7.28665,7.28776,1.80,1.50
2012.08.09 15:08:52.651,7.28655,7.28764,2.11,1.50
2012.08.09 15:08:53.370,7.28655,7.28764,2.14,1.50
2012.08.09 15:08:55.819,7.28655,7.28764,1.50,1.50
2012.08.09 15:08:57.477,7.2864,7.28749,1.50,1.50
2012.08.09 15:08:57.834,7.28656,7.28767,1.50,1.50
2012.08.09 15:08:58.271,7.28698,7.28767,1.50,1.50
2012.08.09 15:08:58.514,7.28722,7.28831,1.50,1.50
2012.08.09 15:09:10.405,7.28733,7.28842,1.50,1.50
2012.08.09 15:09:14.289,7.28725,7.28834,1.50,1.50
2012.08.09 15:09:22.028,7.28724,7.28835,1.50,1.50
2012.08.09 15:09:22.428,7.28732,7.28843,1.50,1.50
2012.08.09 15:09:23.509,7.28722,7.28831,1.50,1.50
2012.08.09 15:09:35.524,7.2873,7.28841,1.50,1.50
2012.08.09 15:09:40.447,7.28721,7.28832,1.50,1.50
2012.08.09 15:09:59.596,7.28731,7.2884,1.50,1.50
2012.08.09 15:10:01.881,7.28731,7.2884,1.50,2.25
2012.08.09 15:10:02.176,7.28707,7.28797,1.50,2.10
2012.08.09 15:10:02.297,7.28688,7.28795,1.50,1.73
2012.08.09 15:10:02.516,7.28662,7.28771,1.50,1.50
2012.08.09 15:10:04.360,7.2868,7.28789,1.50,1.73
2012.08.09 15:10:08.595,7.28671,7.2878,1.58,1.50
2012.08.09 15:10:10.018,7.28671,7.2878,1.58,1.50
2012.08.09 15:10:28.328,7.28672,7.28783,1.58,1.73
2012.08.09 15:10:29.039,7.28665,7.28774,2.28,1.50
2012.08.09 15:10:30.361,7.28665,7.28774,2.27,1.50
2012.08.09 15:10:30.582,7.28673,7.28784,1.58,1.73
2012.08.09 15:10:32.039,7.28664,7.28773,2.27,1.50
2012.08.09 15:10:44.852,7.28658,7.28769,2.26,1.50
2012.08.09 15:10:45.311,7.28657,7.2876,1.62,1.50
2012.08.09 15:10:47.452,7.28658,7.28767,2.26,1.50
2012.08.09 15:10:49.100,7.28658,7.28767,2.18,1.50
2012.08.09 15:10:54.631,7.28657,7.28753,1.54,1.50
2012.08.09 15:10:54.695,7.28658,7.28767,2.18,1.50
2012.08.09 15:10:54.814,7.28657,7.28759,1.54,1.50
2012.08.09 15:10:55.047,7.28661,7.28772,1.79,1.50
2012.08.09 15:10:55.227,7.28648,7.28782,2.05,1.50
2012.08.09 15:10:55.347,7.28659,7.2877,1.72,1.50
2012.08.09 15:10:55.570,7.28648,7.28781,2.01,1.50
2012.08.09 15:10:57.707,7.28656,7.28767,1.78,1.50
2012.08.09 15:10:59.314,7.28648,7.28759,1.89,1.50
2012.08.09 15:11:00.291,7.28648,7.28759,2.01,1.50
2012.08.09 15:11:00.517,7.28658,7.28767,1.80,1.50
2012.08.09 15:11:01.924,7.28643,7.28754,2.19,1.50
2012.08.09 15:11:02.043,7.28647,7.28758,2.22,1.50
2012.08.09 15:11:03.276,7.28647,7.28758,2.15,1.50
2012.08.09 15:11:05.096,7.28647,7.28758,2.25,1.50
2012.08.09 15:11:06.544,7.28667,7.28778,1.69,1.50
2012.08.09 15:11:06.778,7.28648,7.28757,1.94,1.50
2012.08.09 15:11:06.897,7.28659,7.28768,1.70,1.50
2012.08.09 15:11:07.018,7.28675,7.28784,1.58,1.50
2012.08.09 15:11:07.552,7.28667,7.28776,1.70,1.50
2012.08.09 15:11:07.615,7.28667,7.28776,1.50,1.50
2012.08.09 15:11:10.001,7.28722,7.28817,1.50,1.73
2012.08.09 15:11:10.123,7.28722,7.28831,1.50,1.50
2012.08.09 15:11:21.958,7.28729,7.2884,1.50,2.25
2012.08.09 15:11:23.011,7.28738,7.28847,1.50,2.25
2012.08.09 15:11:23.869,7.28738,7.28832,1.50,1.50
2012.08.09 15:11:23.933,7.28718,7.28829,1.50,2.25
2012.08.09 15:11:23.997,7.28718,7.28817,1.50,1.50
2012.08.09 15:11:24.346,7.28718,7.28817,1.50,1.73
2012.08.09 15:11:24.587,7.28695,7.28787,1.50,1.50
2012.08.09 15:11:24.651,7.28678,7.28787,1.50,1.50
2012.08.09 15:11:26.057,7.28678,7.28787,2.25,1.50
2012.08.09 15:11:26.293,7.28678,7.28787,2.48,1.50
2012.08.09 15:11:26.363,7.28722,7.28831,1.50,1.50
2012.08.09 15:11:31.453,7.28733,7.28842,1.50,1.50
2012.08.09 15:11:36.244,7.28742,7.28851,1.50,1.50
2012.08.09 15:11:40.528,7.28733,7.28842,1.50,1.50
2012.08.09 15:11:41.923,7.28733,7.28842,1.50,2.25
2012.08.09 15:11:49.108,7.28733,7.28842,1.50,1.50
2012.08.09 15:11:49.228,7.28721,7.28832,1.50,1.50
2012.08.09 15:11:49.292,7.28759,7.28855,1.50,1.50
2012.08.09 15:11:49.355,7.28759,7.2887,1.50,1.50
2012.08.09 15:11:49.532,7.28767,7.28878,1.50,1.50
2012.08.09 15:11:55.433,7.28757,7.28868,1.73,1.50
2012.08.09 15:11:55.934,7.28757,7.28868,1.73,2.25
2012.08.09 15:11:57.026,7.28765,7.28876,1.50,2.25
2012.08.09 15:12:00.554,7.28765,7.28876,1.50,1.50
2012.08.09 15:12:00.702,7.28775,7.28886,1.50,2.25
2012.08.09 15:12:01.140,7.28784,7.28893,1.50,2.25
2012.08.09 15:12:01.203,7.28776,7.28885,1.50,2.25
2012.08.09 15:12:02.198,7.28787,7.28896,1.50,2.25
2012.08.09 15:12:02.645,7.28795,7.28904,1.50,2.25
2012.08.09 15:12:02.939,7.28784,7.28895,1.50,2.25
2012.08.09 15:12:06.425,7.28792,7.28903,1.50,2.25
2012.08.09 15:12:07.549,7.28783,7.28894,1.50,2.25
2012.08.09 15:12:11.053,7.28776,7.28885,1.50,2.25
2012.08.09 15:12:12.181,7.28788,7.28899,2.10,2.25
2012.08.09 15:12:12.419,7.28834,7.28945,1.73,1.50
2012.08.09 15:12:12.543,7.28842,7.28953,1.73,2.25
2012.08.09 15:12:12.609,7.28842,7.28953,1.73,2.25
2012.08.09 15:12:12.674,7.28824,7.28935,1.73,1.50
2012.08.09 15:12:12.932,7.28838,7.28949,1.73,2.25
2012.08.09 15:12:12.997,7.2883,7.28939,1.73,1.50
2012.08.09 15:12:13.470,7.28821,7.2893,1.73,1.50
2012.08.09 15:12:13.539,7.28825,7.28936,1.73,1.50
2012.08.09 15:12:13.662,7.28834,7.28943,1.73,1.50
2012.08.09 15:12:16.387,7.28842,7.28953,1.73,2.25
2012.08.09 15:12:16.507,7.28842,7.28953,1.50,2.25
2012.08.09 15:12:16.740,7.28842,7.28953,1.50,2.25
2012.08.09 15:12:16.804,7.28832,7.28943,1.73,1.50
2012.08.09 15:12:16.927,7.28844,7.28955,1.50,2.25
2012.08.09 15:12:17.061,7.28817,7.28926,1.50,1.50
2012.08.09 15:12:18.590,7.28817,7.28926,1.50,1.73
2012.08.09 15:12:18.711,7.28788,7.2889,1.50,1.50
2012.08.09 15:12:18.775,7.28788,7.28895,1.50,1.73
2012.08.09 15:12:18.839,7.2876,7.28871,1.50,1.50
2012.08.09 15:12:18.904,7.28752,7.28863,1.50,1.50
2012.08.09 15:12:20.991,7.28752,7.28863,2.48,1.50
2012.08.09 15:12:21.112,7.28818,7.28887,1.50,1.50
2012.08.09 15:12:21.348,7.28789,7.28877,1.50,1.50
2012.08.09 15:12:21.553,7.28744,7.28853,1.50,1.50
2012.08.09 15:12:21.870,7.28744,7.28853,1.50,2.25
2012.08.09 15:12:22.222,7.28716,7.28826,1.50,1.73
2012.08.09 15:12:22.601,7.28727,7.28826,1.50,1.73
2012.08.09 15:12:23.492,7.28718,7.28826,1.50,1.73
2012.08.09 15:12:23.617,7.28718,7.28826,1.73,1.50
2012.08.09 15:12:23.739,7.28731,7.28827,1.50,1.50
2012.08.09 15:12:23.870,7.28756,7.28865,1.50,2.25
2012.08.09 15:12:24.052,7.2874,7.28827,1.50,1.50
2012.08.09 15:12:24.116,7.2874,7.28827,1.50,1.73
2012.08.09 15:12:24.181,7.28713,7.28822,1.50,2.25
2012.08.09 15:12:24.303,7.28685,7.28793,1.50,1.50
2012.08.09 15:12:24.423,7.28709,7.2882,1.50,1.50
2012.08.09 15:12:24.627,7.28701,7.2881,1.50,1.50
2012.08.09 15:12:34.755,7.28689,7.28798,1.50,1.50
2012.08.09 15:12:35.958,7.28697,7.28806,1.50,1.50
2012.08.09 15:12:39.396,7.2871,7.28819,1.50,1.50
2012.08.09 15:12:42.669,7.28719,7.28828,1.50,1.73
2012.08.09 15:12:43.014,7.2871,7.28821,1.50,1.50
2012.08.09 15:12:47.624,7.28702,7.28813,1.50,1.50
2012.08.09 15:12:52.033,7.28688,7.28799,1.50,1.50
2012.08.09 15:12:52.723,7.28674,7.28785,1.58,1.50
2012.08.09 15:12:53.229,7.28674,7.28785,1.80,1.50
2012.08.09 15:12:53.295,7.28693,7.28802,1.50,1.50
2012.08.09 15:12:53.677,7.28706,7.28817,1.50,1.50
2012.08.09 15:12:53.955,7.28698,7.28807,1.50,1.50
2012.08.09 15:12:57.709,7.28709,7.2882,1.50,1.50
2012.08.09 15:13:07.627,7.28701,7.2881,1.50,1.50
2012.08.09 15:13:11.626,7.28713,7.28822,1.50,1.50
2012.08.09 15:13:12.711,7.28713,7.28822,1.50,2.48
2012.08.09 15:13:12.893,7.28696,7.28805,1.50,2.48
2012.08.09 15:13:13.016,7.28708,7.28816,1.50,1.73
2012.08.09 15:13:13.138,7.28677,7.28788,1.58,1.73
2012.08.09 15:13:14.469,7.28667,7.28776,1.77,1.50
2012.08.09 15:13:15.107,7.28667,7.28776,1.68,1.50
2012.08.09 15:13:18.941,7.28676,7.28787,1.58,1.73
2012.08.09 15:13:19.468,7.28676,7.28787,1.58,1.73
2012.08.09 15:13:23.965,7.28688,7.28799,1.50,2.48
2012.08.09 15:13:24.202,7.28679,7.2879,1.50,1.73
2012.08.09 15:13:32.640,7.28679,7.2879,1.50,1.50
2012.08.09 15:13:32.819,7.28664,7.28766,1.66,1.50
2012.08.09 15:13:32.942,7.28688,7.28797,1.50,1.50
2012.08.09 15:13:33.063,7.2867,7.28781,1.58,1.50
2012.08.09 15:13:34.007,7.2867,7.28781,1.58,1.50
2012.08.09 15:13:36.135,7.2867,7.28781,1.58,1.50
2012.08.09 15:13:36.272,7.28679,7.28788,1.50,1.50
2012.08.09 15:13:44.973,7.28666,7.28775,1.75,1.50
2012.08.09 15:13:45.536,7.28677,7.28786,1.58,1.50
2012.08.09 15:13:45.709,7.28658,7.28769,1.68,1.50
2012.08.09 15:13:45.773,7.28669,7.2878,1.58,1.50
2012.08.09 15:13:45.977,7.28678,7.28789,1.50,1.50
2012.08.09 15:13:46.099,7.28664,7.28775,1.66,1.50
2012.08.09 15:13:46.221,7.28667,7.28778,1.79,1.50
2012.08.09 15:13:46.285,7.2868,7.28789,1.50,1.50
2012.08.09 15:13:46.406,7.28668,7.28779,1.58,1.50
2012.08.09 15:13:46.526,7.28681,7.2879,1.50,1.50
2012.08.09 15:13:46.647,7.28672,7.28781,1.58,1.50
2012.08.09 15:13:46.825,7.28684,7.28793,1.50,1.50
2012.08.09 15:13:46.890,7.28671,7.28782,1.58,1.50
2012.08.09 15:13:47.011,7.28694,7.28803,1.50,1.50
2012.08.09 15:13:47.132,7.28671,7.28782,1.58,1.50
2012.08.09 15:13:47.253,7.28695,7.28804,1.50,1.50
2012.08.09 15:13:47.374,7.28674,7.28785,1.58,1.50
2012.08.09 15:13:47.983,7.28665,7.28776,1.73,1.50
2012.08.09 15:13:48.217,7.28667,7.28778,1.74,1.50
2012.08.09 15:13:48.633,7.2868,7.28791,1.50,1.50
2012.08.09 15:13:48.818,7.28669,7.28778,1.58,1.50
2012.08.09 15:13:48.940,7.2868,7.28791,1.50,1.50
2012.08.09 15:13:49.071,7.28671,7.28782,1.58,1.50
2012.08.09 15:13:49.136,7.2868,7.28791,1.50,1.50
2012.08.09 15:13:49.299,7.28673,7.28782,1.58,1.50
2012.08.09 15:13:49.420,7.28681,7.28792,1.50,1.50
2012.08.09 15:13:49.541,7.28672,7.28783,1.58,1.50
2012.08.09 15:13:53.872,7.28664,7.28773,1.68,1.50
2012.08.09 15:13:53.992,7.28678,7.28787,1.50,1.50
2012.08.09 15:13:54.114,7.28665,7.28774,1.69,1.50
2012.08.09 15:13:54.225,7.28678,7.28789,1.58,1.50
2012.08.09 15:13:54.345,7.28671,7.2878,1.58,1.50
2012.08.09 15:14:08.734,7.28691,7.288,1.50,1.50
2012.08.09 15:14:08.858,7.28691,7.28802,1.50,1.50
2012.08.09 15:14:08.924,7.28691,7.28802,1.50,1.88
2012.08.09 15:14:09.233,7.28726,7.28806,1.50,3.23
2012.08.09 15:14:09.355,7.28673,7.28782,1.58,1.50
2012.08.09 15:14:10.991,7.28642,7.28751,2.09,1.50
2012.08.09 15:14:11.231,7.28676,7.28787,1.58,1.50
2012.08.09 15:14:11.354,7.287,7.28809,1.50,1.50
2012.08.09 15:14:11.860,7.28698,7.28809,1.50,1.50
2012.08.09 15:14:12.221,7.28683,7.28794,1.50,1.50
2012.08.09 15:14:12.897,7.28685,7.28794,1.50,1.50
2012.08.09 15:14:19.552,7.28693,7.28804,1.50,1.50
2012.08.09 15:14:19.672,7.28707,7.28818,1.50,1.50
2012.08.09 15:14:20.015,7.28703,7.28814,1.50,1.50
2012.08.09 15:14:20.357,7.28706,7.28815,1.50,1.50
2012.08.09 15:14:20.644,7.28691,7.28802,1.50,1.50
2012.08.09 15:14:20.708,7.28704,7.28815,1.50,1.50
2012.08.09 15:14:21.090,7.28692,7.28801,1.50,1.50
2012.08.09 15:14:21.210,7.28704,7.28815,1.50,1.50
2012.08.09 15:14:21.391,7.28693,7.28804,1.50,1.50
2012.08.09 15:14:21.912,7.28706,7.28815,1.50,1.50
2012.08.09 15:14:22.030,7.28691,7.28802,1.50,1.50
2012.08.09 15:14:22.149,7.28705,7.28814,1.50,1.50
2012.08.09 15:14:22.445,7.28705,7.28816,1.50,1.50
2012.08.09 15:14:22.564,7.28693,7.28804,1.50,1.50
2012.08.09 15:14:22.877,7.28692,7.28801,1.50,1.50
2012.08.09 15:14:23.005,7.28693,7.28804,1.50,1.50
2012.08.09 15:14:23.606,7.28705,7.28816,1.50,1.50
2012.08.09 15:14:23.951,7.28692,7.28801,1.50,1.50
2012.08.09 15:14:24.295,7.28703,7.28812,1.50,1.50
2012.08.09 15:14:24.414,7.28692,7.28803,1.50,1.50
2012.08.09 15:14:24.533,7.28688,7.28797,1.50,1.50
2012.08.09 15:14:24.999,7.28702,7.28811,1.50,1.50
2012.08.09 15:14:25.429,7.28693,7.28802,1.50,1.50
2012.08.09 15:14:28.471,7.28707,7.28818,1.50,1.50
2012.08.09 15:14:28.647,7.28705,7.28814,1.50,1.50
2012.08.09 15:14:28.766,7.28686,7.28797,1.50,1.50
2012.08.09 15:14:28.906,7.28692,7.28801,1.50,1.50
2012.08.09 15:14:30.123,7.28701,7.2881,1.50,1.50
2012.08.09 15:14:31.616,7.28689,7.288,1.50,1.50
2012.08.09 15:14:31.735,7.28687,7.28798,1.50,1.50
2012.08.09 15:14:33.208,7.28692,7.28803,1.50,1.50
2012.08.09 15:14:33.531,7.28688,7.28799,1.50,1.50
2012.08.09 15:14:34.081,7.28702,7.28813,1.50,1.50
2012.08.09 15:14:34.724,7.28703,7.28812,1.50,1.50
2012.08.09 15:14:34.956,7.28689,7.288,1.50,1.50
2012.08.09 15:14:35.076,7.28701,7.2881,1.50,1.50
2012.08.09 15:14:35.734,7.28689,7.28798,1.50,1.50
2012.08.09 15:14:35.802,7.28704,7.28815,1.50,1.50
2012.08.09 15:14:35.926,7.28689,7.28798,1.50,1.50
2012.08.09 15:14:35.989,7.28701,7.28812,1.50,1.50
2012.08.09 15:14:36.240,7.28692,7.28803,1.50,1.50
2012.08.09 15:14:37.737,7.28703,7.28812,1.50,1.50
2012.08.09 15:14:37.968,7.28706,7.28817,1.50,1.50
2012.08.09 15:14:38.086,7.28684,7.28795,1.50,1.50
2012.08.09 15:14:38.201,7.28638,7.28842,2.73,2.48
2012.08.09 15:14:38.318,7.28692,7.28803,1.50,1.50
2012.08.09 15:14:38.662,7.28701,7.28812,1.50,1.50
2012.08.09 15:14:39.006,7.28689,7.288,1.50,1.50
2012.08.09 15:14:39.358,7.28696,7.28807,1.50,1.50
2012.08.09 15:14:39.757,7.28713,7.28824,1.50,1.73
2012.08.09 15:14:39.991,7.287,7.28811,1.50,1.50
2012.08.09 15:14:40.110,7.28688,7.28797,1.50,1.50
2012.08.09 15:14:40.456,7.28694,7.28803,1.50,1.50
2012.08.09 15:14:40.574,7.28683,7.28794,1.50,1.50
2012.08.09 15:14:40.694,7.28702,7.28811,1.50,1.50
2012.08.09 15:14:41.042,7.28698,7.28807,1.50,1.50
2012.08.09 15:14:41.598,7.28719,7.2883,1.50,1.73
2012.08.09 15:14:41.794,7.2869,7.28799,1.50,1.50
2012.08.09 15:14:42.217,7.28698,7.28809,1.50,1.50
2012.08.09 15:14:46.347,7.28689,7.288,1.50,1.50
2012.08.09 15:14:49.665,7.28692,7.28801,1.50,1.50
2012.08.09 15:14:50.179,7.2869,7.28799,1.50,1.50
2012.08.09 15:14:50.243,7.28698,7.28809,1.50,1.50
2012.08.09 15:14:50.362,7.28686,7.28797,1.50,1.50
2012.08.09 15:14:50.710,7.28695,7.28804,1.50,1.50
2012.08.09 15:14:51.491,7.2869,7.28801,1.50,1.50
2012.08.09 15:14:51.611,7.28687,7.28798,1.50,1.50
2012.08.09 15:14:52.046,7.28706,7.28817,1.50,1.50
2012.08.09 15:14:52.381,7.28692,7.28803,1.50,1.50
2012.08.09 15:14:52.862,7.28704,7.28815,1.50,1.50
2012.08.09 15:14:53.212,7.28704,7.28815,1.73,1.50
2012.08.09 15:14:53.656,7.28763,7.28872,1.50,2.25
2012.08.09 15:14:53.937,7.28738,7.28844,1.50,1.50
2012.08.09 15:14:54.088,7.28735,7.28844,1.50,1.50
2012.08.09 15:14:57.054,7.28737,7.28844,1.50,1.50
2012.08.09 15:14:57.407,7.28757,7.28855,1.50,2.25
2012.08.09 15:14:57.933,7.28746,7.28855,1.50,2.25
2012.08.09 15:14:59.589,7.28761,7.2887,1.50,2.25
2012.08.09 15:14:59.943,7.28779,7.28888,1.50,2.25
2012.08.09 15:15:00.233,7.28755,7.28864,1.50,2.25
2012.08.09 15:15:00.353,7.28732,7.28841,1.50,1.50
2012.08.09 15:15:00.474,7.28751,7.28862,1.50,2.25
2012.08.09 15:15:00.621,7.28732,7.28843,1.50,1.50
2012.08.09 15:15:00.741,7.28756,7.28865,1.50,2.25
2012.08.09 15:15:00.861,7.28733,7.28844,1.50,1.50
2012.08.09 15:15:01.107,7.28755,7.28866,1.50,2.25
2012.08.09 15:15:01.226,7.28733,7.28844,1.50,1.50
2012.08.09 15:15:01.346,7.28754,7.28863,1.50,2.25
2012.08.09 15:15:01.466,7.28734,7.28845,1.50,1.50
2012.08.09 15:15:01.586,7.28733,7.28841,1.50,1.50
2012.08.09 15:15:01.649,7.2873,7.28841,1.50,1.50
2012.08.09 15:15:01.713,7.28759,7.28868,1.50,2.25
2012.08.09 15:15:01.776,7.28734,7.28841,1.50,1.50
2012.08.09 15:15:01.839,7.2873,7.28841,1.50,1.50
2012.08.09 15:15:01.903,7.28763,7.28864,1.50,2.25
2012.08.09 15:15:02.022,7.28738,7.2884,1.50,1.50
2012.08.09 15:15:02.086,7.28731,7.2884,1.50,1.50
2012.08.09 15:15:02.149,7.28758,7.28865,1.50,2.25
2012.08.09 15:15:02.383,7.28736,7.28841,1.50,1.50
2012.08.09 15:15:02.447,7.28732,7.28841,1.50,1.50
2012.08.09 15:15:02.511,7.28759,7.2887,1.50,2.25
2012.08.09 15:15:02.631,7.28731,7.2884,1.50,1.50
2012.08.09 15:15:02.751,7.28778,7.28889,1.50,2.25
2012.08.09 15:15:02.846,7.28755,7.28846,1.50,1.50
2012.08.09 15:15:02.911,7.28735,7.28846,1.50,1.50
2012.08.09 15:15:02.975,7.28728,7.28839,1.50,1.50
2012.08.09 15:15:03.344,7.28749,7.2886,1.50,2.25
2012.08.09 15:15:03.694,7.28758,7.28869,1.50,2.25
2012.08.09 15:15:03.814,7.28728,7.28839,1.50,1.50
2012.08.09 15:15:03.877,7.28756,7.28839,1.50,1.50
2012.08.09 15:15:04.318,7.28779,7.2889,1.50,2.25
2012.08.09 15:15:04.444,7.28736,7.28847,1.50,1.50
2012.08.09 15:15:04.565,7.28759,7.28868,1.50,2.25
2012.08.09 15:15:04.686,7.2874,7.28849,1.50,1.50
2012.08.09 15:15:08.945,7.28731,7.28842,1.50,1.50
2012.08.09 15:15:09.064,7.2876,7.28865,1.50,2.25
2012.08.09 15:15:09.416,7.28779,7.28888,1.50,2.25
2012.08.09 15:15:09.804,7.28732,7.28841,1.50,1.50
2012.08.09 15:15:10.182,7.28756,7.28867,1.50,2.25
2012.08.09 15:15:10.301,7.28733,7.2884,1.50,1.50
2012.08.09 15:15:10.363,7.28731,7.2884,1.50,1.50
2012.08.09 15:15:10.426,7.28781,7.28865,1.50,2.25
2012.08.09 15:15:10.544,7.28756,7.28836,1.50,1.50
2012.08.09 15:15:10.607,7.28727,7.28836,1.50,1.50
2012.08.09 15:15:10.669,7.28756,7.28861,1.50,2.25
2012.08.09 15:15:10.955,7.28727,7.28836,1.50,1.50
2012.08.09 15:15:11.553,7.28753,7.28836,1.50,1.50
2012.08.09 15:15:11.727,7.28729,7.2884,1.50,1.50
2012.08.09 15:15:11.790,7.28753,7.2884,1.50,1.50
2012.08.09 15:15:11.966,7.28737,7.28848,1.50,1.50
2012.08.09 15:15:12.085,7.28751,7.28862,1.50,2.25
2012.08.09 15:15:12.203,7.28737,7.28848,1.50,1.50
2012.08.09 15:15:12.266,7.28756,7.28865,1.50,2.25
2012.08.09 15:15:12.510,7.28737,7.28848,1.50,1.50
2012.08.09 15:15:12.597,7.28756,7.28865,1.50,2.25
2012.08.09 15:15:17.122,7.28764,7.28875,1.50,2.25
2012.08.09 15:15:20.237,7.28753,7.28864,1.50,2.25
2012.08.09 15:15:20.937,7.28753,7.28864,2.15,1.50
2012.08.09 15:15:20.999,7.28763,7.28864,1.50,1.50
2012.08.09 15:15:21.061,7.28788,7.28897,1.50,1.73
2012.08.09 15:15:21.582,7.28769,7.28878,1.50,1.50
2012.08.09 15:15:22.196,7.28759,7.28868,1.50,1.50
2012.08.09 15:15:26.851,7.28769,7.28878,1.50,1.50
2012.08.09 15:15:36.027,7.28756,7.28865,1.50,1.50
2012.08.09 15:15:50.843,7.28765,7.28874,1.50,1.50
2012.08.09 15:15:52.398,7.28773,7.28882,1.50,1.50
2012.08.09 15:15:52.461,7.28763,7.28874,1.50,1.50
2012.08.09 15:15:53.747,7.28772,7.28881,1.50,1.50
2012.08.09 15:15:58.347,7.28772,7.28881,1.50,2.25
2012.08.09 15:15:59.657,7.28761,7.28872,1.50,2.25
2012.08.09 15:16:13.543,7.28769,7.2888,1.50,2.25
2012.08.09 15:16:14.303,7.28774,7.28883,1.50,2.25
2012.08.09 15:16:15.488,7.28765,7.28874,1.50,2.25
2012.08.09 15:16:24.590,7.28755,7.28864,1.50,2.25
2012.08.09 15:16:26.031,7.28763,7.28872,1.50,2.25
2012.08.09 15:16:30.555,7.28753,7.28864,1.50,2.25
2012.08.09 15:16:32.103,7.28761,7.28872,1.50,2.25
2012.08.09 15:16:51.847,7.28758,7.28869,1.50,2.25
2012.08.09 15:17:02.055,7.2875,7.28861,1.50,2.25
2012.08.09 15:17:04.174,7.28758,7.28869,1.50,2.25
2012.08.09 15:17:05.191,7.28766,7.28877,1.50,2.25
2012.08.09 15:17:12.028,7.28759,7.28868,1.50,2.25
2012.08.09 15:17:13.741,7.28759,7.28868,1.50,2.48
2012.08.09 15:17:14.093,7.28759,7.28868,1.50,2.48
2012.08.09 15:17:14.156,7.28718,7.28829,1.50,1.50
2012.08.09 15:17:21.459,7.28687,7.28796,1.50,1.50
2012.08.09 15:17:22.033,7.28677,7.28786,1.73,1.50
2012.08.09 15:17:25.375,7.28685,7.28794,1.50,1.50
2012.08.09 15:17:37.729,7.28674,7.28783,1.73,1.50
2012.08.09 15:17:38.280,7.28665,7.28774,1.73,1.50
2012.08.09 15:17:38.729,7.2868,7.28791,1.50,1.50
2012.08.09 15:17:58.704,7.28682,7.28793,1.50,1.50
2012.08.09 15:18:03.041,7.28671,7.28782,1.73,1.50
2012.08.09 15:18:03.366,7.28692,7.28801,1.50,1.50
2012.08.09 15:18:03.428,7.28692,7.28801,1.50,2.10
2012.08.09 15:18:03.615,7.28626,7.28737,1.50,1.50
2012.08.09 15:18:06.566,7.28617,7.28728,1.50,1.50
2012.08.09 15:18:09.612,7.28641,7.2875,1.50,1.50
2012.08.09 15:18:10.652,7.28624,7.28733,1.50,1.50
2012.08.09 15:18:12.323,7.28634,7.28745,1.50,1.50
2012.08.09 15:18:13.012,7.28624,7.28733,1.50,1.50
2012.08.09 15:18:16.550,7.28623,7.28732,1.50,1.50
2012.08.09 15:18:18.935,7.28606,7.28717,2.48,1.50
2012.08.09 15:18:19.152,7.2862,7.28731,1.50,1.50
2012.08.09 15:18:20.402,7.28613,7.28722,1.50,1.50
2012.08.09 15:18:22.824,7.28621,7.28732,1.50,1.50
2012.08.09 15:18:28.825,7.28605,7.28714,2.48,1.50
2012.08.09 15:18:33.391,7.28614,7.28723,1.50,1.50
2012.08.09 15:18:39.274,7.28622,7.28731,1.50,1.50
2012.08.09 15:18:39.894,7.28607,7.28716,3.23,1.50
2012.08.09 15:18:42.758,7.28607,7.28716,2.48,1.50
2012.08.09 15:18:59.396,7.28605,7.28714,2.48,1.50
2012.08.09 15:19:08.554,7.28614,7.28723,1.50,1.50
2012.08.09 15:19:09.998,7.28603,7.28712,2.48,1.50
2012.08.09 15:19:19.363,7.28607,7.28712,1.73,1.50
2012.08.09 15:19:19.641,7.28612,7.28723,1.50,1.50
2012.08.09 15:19:22.009,7.28628,7.28737,1.50,1.50
2012.08.09 15:19:23.782,7.28615,7.28726,1.50,1.50
2012.08.09 15:19:23.901,7.28605,7.28714,1.50,1.50
2012.08.09 15:19:24.084,7.286,7.28711,1.50,1.50
2012.08.09 15:19:26.545,7.28592,7.28701,1.50,1.50
2012.08.09 15:19:27.090,7.28569,7.28678,1.73,1.50
2012.08.09 15:19:27.154,7.28569,7.28678,1.50,1.50
2012.08.09 15:19:27.422,7.28557,7.28666,1.73,1.50
2012.08.09 15:19:29.045,7.28554,7.28663,1.73,1.50
2012.08.09 15:19:29.481,7.28571,7.28682,1.73,1.50
2012.08.09 15:19:29.809,7.28562,7.28671,1.73,1.50
2012.08.09 15:19:32.312,7.28569,7.2868,1.73,1.50
2012.08.09 15:19:45.117,7.28548,7.28657,1.50,1.50
2012.08.09 15:19:45.355,7.28536,7.28647,1.50,1.50
2012.08.09 15:19:49.502,7.28529,7.28638,1.50,1.50
2012.08.09 15:19:49.622,7.28536,7.28647,1.50,1.50
2012.08.09 15:19:49.801,7.28529,7.28638,1.50,1.50
2012.08.09 15:19:57.261,7.28526,7.28637,1.73,1.50
2012.08.09 15:20:17.059,7.2852,7.28631,1.73,1.50
2012.08.09 15:20:18.264,7.28653,7.28772,1.13,1.50
2012.08.09 15:20:18.618,7.28568,7.28714,1.35,1.50
2012.08.09 15:20:18.858,7.28556,7.28705,2.48,1.50
2012.08.09 15:20:19.152,7.28564,7.28713,1.73,1.50
2012.08.09 15:20:23.573,7.28584,7.28693,1.50,1.50
2012.08.09 15:20:23.864,7.28561,7.2867,1.73,1.50
2012.08.09 15:20:32.276,7.28553,7.28662,1.73,1.50
2012.08.09 15:20:38.780,7.28561,7.2867,1.73,1.50
2012.08.09 15:20:48.213,7.28573,7.28682,1.50,1.50
2012.08.09 15:20:48.444,7.28561,7.28672,1.73,1.50
2012.08.09 15:21:07.650,7.28624,7.28733,1.50,2.85
2012.08.09 15:21:08.001,7.28624,7.28733,1.73,1.88
2012.08.09 15:21:11.913,7.28652,7.28757,1.50,2.25
2012.08.09 15:21:12.035,7.28628,7.28739,3.23,2.25
2012.08.09 15:21:12.100,7.28605,7.28673,1.50,1.50
2012.08.09 15:21:12.164,7.28564,7.28673,1.73,1.50
2012.08.09 15:21:13.657,7.28623,7.28698,1.50,1.50
2012.08.09 15:21:13.722,7.28623,7.28734,1.50,1.73
2012.08.09 15:21:13.787,7.28623,7.28734,1.73,1.50
2012.08.09 15:21:14.298,7.28631,7.28742,1.73,1.50
2012.08.09 15:21:16.433,7.28631,7.28742,1.73,2.25
2012.08.09 15:21:16.671,7.28566,7.28677,2.48,1.50
2012.08.09 15:21:17.544,7.28566,7.28677,2.48,1.50
2012.08.09 15:21:19.244,7.28598,7.28677,2.25,1.50
2012.08.09 15:21:19.308,7.28624,7.287,1.50,1.50
2012.08.09 15:21:19.372,7.28624,7.28733,1.50,1.73
2012.08.09 15:21:19.493,7.28624,7.28733,1.73,1.50
2012.08.09 15:21:25.140,7.28639,7.2875,1.50,1.50
2012.08.09 15:21:26.720,7.28631,7.28742,2.48,1.50
2012.08.09 15:21:27.624,7.28637,7.28742,1.73,1.50
2012.08.09 15:21:27.744,7.28649,7.28758,2.25,1.50
2012.08.09 15:21:27.867,7.28663,7.28774,2.48,1.50
2012.08.09 15:21:27.989,7.28731,7.28828,1.73,1.50
2012.08.09 15:21:28.113,7.28754,7.28853,1.73,2.25
2012.08.09 15:21:28.177,7.28754,7.28853,1.50,1.50
2012.08.09 15:21:28.241,7.2873,7.28817,2.25,1.50
2012.08.09 15:21:28.306,7.28708,7.28817,1.73,1.50
2012.08.09 15:21:30.599,7.28716,7.28827,1.73,1.50
2012.08.09 15:21:33.256,7.28723,7.28804,1.35,1.50
2012.08.09 15:21:33.675,7.28724,7.28833,1.73,1.50
2012.08.09 15:21:35.231,7.2873,7.28841,1.73,1.50
2012.08.09 15:21:36.426,7.2873,7.28841,1.73,1.50
2012.08.09 15:21:36.547,7.28724,7.28832,1.73,1.50
2012.08.09 15:21:37.764,7.28733,7.28844,1.73,1.50
2012.08.09 15:21:39.154,7.28742,7.28853,1.73,1.50
2012.08.09 15:21:39.218,7.28734,7.28845,1.73,1.50
2012.08.09 15:21:41.807,7.28734,7.28845,1.73,2.25
2012.08.09 15:21:42.629,7.28723,7.28824,1.35,1.50
2012.08.09 15:21:43.712,7.28725,7.28834,2.48,1.50
2012.08.09 15:21:46.456,7.28723,7.28826,1.35,1.50
2012.08.09 15:21:49.256,7.28726,7.28835,2.48,1.50
2012.08.09 15:21:51.965,7.28739,7.28848,1.73,2.25
2012.08.09 15:21:52.145,7.28739,7.28848,1.73,1.50
2012.08.09 15:21:58.024,7.28752,7.28863,1.50,2.25
2012.08.09 15:21:58.416,7.28743,7.28854,1.73,1.50
2012.08.09 15:22:03.517,7.28751,7.28862,1.50,1.50
2012.08.09 15:22:12.402,7.28759,7.2887,1.50,1.50
2012.08.09 15:22:18.353,7.28743,7.28854,1.73,1.50
2012.08.09 15:22:22.890,7.28754,7.28863,1.50,1.50
2012.08.09 15:22:23.399,7.28738,7.28847,1.73,1.50
2012.08.09 15:22:26.346,7.28745,7.28856,1.73,1.50
2012.08.09 15:22:32.280,7.28755,7.28864,1.50,1.50
2012.08.09 15:22:34.242,7.28747,7.28856,1.73,1.50
2012.08.09 15:22:42.801,7.28735,7.28846,1.73,1.50
2012.08.09 15:22:45.845,7.28747,7.28856,1.73,1.50
2012.08.09 15:23:03.754,7.28737,7.28846,1.73,1.50
2012.08.09 15:23:03.874,7.28751,7.2886,1.50,1.50
2012.08.09 15:23:05.233,7.28737,7.28846,1.73,1.50
2012.08.09 15:23:07.869,7.28746,7.28855,1.73,1.50
2012.08.09 15:23:27.867,7.28747,7.28856,1.73,1.50
2012.08.09 15:23:47.857,7.28753,7.28864,1.50,1.50
2012.08.09 15:23:50.734,7.28762,7.28873,1.50,1.50
2012.08.09 15:23:51.052,7.28751,7.2886,1.50,1.50
2012.08.09 15:23:53.795,7.28759,7.2887,1.50,1.50
2012.08.09 15:23:54.060,7.2875,7.28859,1.50,1.50
2012.08.09 15:23:55.113,7.28759,7.28868,1.50,1.50
2012.08.09 15:23:57.693,7.2875,7.28861,1.50,1.50
2012.08.09 15:24:04.166,7.28761,7.28872,1.50,1.50
2012.08.09 15:24:09.368,7.28754,7.28863,1.50,1.50
2012.08.09 15:24:17.628,7.28761,7.28872,1.50,1.50
2012.08.09 15:24:20.701,7.28748,7.28857,1.50,1.50
2012.08.09 15:24:25.023,7.28787,7.28881,1.50,1.50
2012.08.09 15:24:25.097,7.28787,7.28896,1.50,1.50
2012.08.09 15:24:26.750,7.28774,7.28885,1.50,1.50
2012.08.09 15:24:27.282,7.28784,7.28893,1.50,1.50
2012.08.09 15:24:34.818,7.2876,7.28861,1.50,1.50
2012.08.09 15:24:34.937,7.2875,7.28861,1.50,1.50
2012.08.09 15:24:36.324,7.2876,7.28869,1.50,1.50
2012.08.09 15:24:48.481,7.28768,7.28877,1.50,1.50
2012.08.09 15:24:56.089,7.2876,7.28869,1.50,1.50
2012.08.09 15:24:56.313,7.28749,7.2886,1.50,1.50
2012.08.09 15:24:58.024,7.2876,7.28871,1.50,1.50
2012.08.09 15:25:09.258,7.28752,7.28861,1.50,1.50
2012.08.09 15:25:12.618,7.28756,7.28867,1.73,1.50
2012.08.09 15:25:15.262,7.28748,7.28855,1.73,1.50
2012.08.09 15:25:15.906,7.28755,7.28866,1.73,1.50
2012.08.09 15:25:18.308,7.28764,7.28875,1.73,1.50
2012.08.09 15:25:18.826,7.28756,7.28867,1.73,1.50
2012.08.09 15:25:21.465,7.28756,7.28891,2.48,1.50
2012.08.09 15:25:21.645,7.28847,7.28891,1.73,1.50
2012.08.09 15:25:21.708,7.28847,7.28958,1.73,1.50
2012.08.09 15:25:21.773,7.28824,7.28935,1.73,1.50
2012.08.09 15:25:21.989,7.28818,7.28923,1.35,1.50
2012.08.09 15:25:22.450,7.28828,7.28939,1.73,1.50
2012.08.09 15:25:22.868,7.2882,7.28931,2.48,1.50
2012.08.09 15:25:24.219,7.28835,7.28946,1.73,1.50
2012.08.09 15:25:24.283,7.28835,7.28946,1.50,1.50
2012.08.09 15:25:24.350,7.28817,7.28928,1.73,1.50
2012.08.09 15:25:24.698,7.28806,7.28915,2.48,1.50
2012.08.09 15:25:25.093,7.28797,7.28906,2.48,1.50
2012.08.09 15:25:25.756,7.28805,7.28914,2.48,1.50
2012.08.09 15:25:28.577,7.2881,7.28914,1.73,1.50
2012.08.09 15:25:28.868,7.28842,7.28951,2.48,1.50
2012.08.09 15:25:29.975,7.28842,7.28951,2.85,1.50
2012.08.09 15:25:31.485,7.2885,7.28959,2.48,1.50
2012.08.09 15:25:34.672,7.28857,7.28968,1.73,1.50
2012.08.09 15:25:43.012,7.28867,7.28976,1.73,1.50
2012.08.09 15:25:50.008,7.28876,7.28987,1.73,1.50
2012.08.09 15:25:50.266,7.28876,7.28987,1.73,2.25
2012.08.09 15:25:50.724,7.28857,7.28968,1.73,1.50
2012.08.09 15:25:51.504,7.28866,7.28975,1.73,1.50
2012.08.09 15:26:00.885,7.28868,7.28979,1.73,1.50
2012.08.09 15:26:01.788,7.28874,7.28983,1.73,2.25
2012.08.09 15:26:01.906,7.28862,7.28973,1.73,1.50
2012.08.09 15:26:02.139,7.28872,7.28983,1.73,2.25
2012.08.09 15:26:02.202,7.28853,7.28962,1.73,1.50
2012.08.09 15:26:02.533,7.28867,7.28976,1.73,1.50
2012.08.09 15:26:02.597,7.28851,7.2896,1.73,1.50
2012.08.09 15:26:02.661,7.28864,7.28975,1.73,1.50
2012.08.09 15:26:02.780,7.28854,7.28965,1.73,1.50
2012.08.09 15:26:02.859,7.28865,7.28974,1.73,1.50
2012.08.09 15:26:03.205,7.28856,7.28965,1.73,1.50
2012.08.09 15:26:03.281,7.28866,7.28977,1.73,1.50
2012.08.09 15:26:05.220,7.28875,7.28986,1.73,2.25
2012.08.09 15:26:05.654,7.28868,7.28979,1.73,1.50
2012.08.09 15:26:06.184,7.28862,7.28973,1.73,1.50
2012.08.09 15:26:06.256,7.28874,7.28983,1.73,1.50
2012.08.09 15:26:06.381,7.28877,7.28986,1.73,1.50
2012.08.09 15:26:06.444,7.28861,7.28972,1.73,1.50
2012.08.09 15:26:06.563,7.28873,7.28982,1.73,1.50
2012.08.09 15:26:06.682,7.28877,7.28986,1.73,1.50
2012.08.09 15:26:06.801,7.28853,7.28962,3.23,1.50
2012.08.09 15:26:06.920,7.28877,7.28986,1.73,1.50
2012.08.09 15:26:07.038,7.2886,7.28971,1.73,1.50
2012.08.09 15:26:07.102,7.28873,7.28982,1.73,1.50
2012.08.09 15:26:07.222,7.28902,7.29006,1.50,1.50
2012.08.09 15:26:07.286,7.28902,7.29013,1.50,2.25
2012.08.09 15:26:07.350,7.28902,7.29013,1.50,2.48
2012.08.09 15:26:07.471,7.28869,7.28978,1.50,1.50
2012.08.09 15:26:07.593,7.2886,7.28969,1.50,1.50
2012.08.09 15:26:10.183,7.28848,7.28959,1.50,1.50
2012.08.09 15:26:10.705,7.2886,7.28969,1.50,1.50
2012.08.09 15:26:14.509,7.28852,7.28961,1.50,1.50
2012.08.09 15:26:20.255,7.2886,7.28969,1.50,1.50
2012.08.09 15:26:28.073,7.28852,7.28961,1.50,1.50
2012.08.09 15:26:43.934,7.28838,7.28935,1.35,1.50
2012.08.09 15:26:44.053,7.28873,7.2896,1.50,1.50
2012.08.09 15:26:44.116,7.28873,7.28984,1.50,1.50
2012.08.09 15:26:44.235,7.28873,7.28984,1.73,1.50
2012.08.09 15:26:47.941,7.28865,7.28976,1.73,1.50
2012.08.09 15:26:48.227,7.2888,7.28991,1.50,1.50
2012.08.09 15:26:48.936,7.28865,7.28976,1.73,1.50
2012.08.09 15:26:49.178,7.28881,7.2899,1.50,2.25
2012.08.09 15:26:49.300,7.28881,7.2899,1.50,1.50
2012.08.09 15:26:50.424,7.28881,7.2899,1.50,2.25
2012.08.09 15:26:50.726,7.28867,7.28976,1.73,1.50
2012.08.09 15:26:51.863,7.28882,7.28991,1.50,1.50
2012.08.09 15:26:54.534,7.28873,7.28984,1.73,1.50
2012.08.09 15:26:56.343,7.28877,7.28986,1.73,1.50
2012.08.09 15:26:57.025,7.28888,7.28997,1.50,1.50
2012.08.09 15:26:57.509,7.28879,7.28988,1.50,1.50
2012.08.09 15:26:57.918,7.28879,7.28988,1.73,1.50
2012.08.09 15:26:58.094,7.28897,7.29008,1.73,1.50
2012.08.09 15:27:00.614,7.28897,7.29008,1.73,2.25
2012.08.09 15:27:00.917,7.28875,7.28984,1.73,1.50
2012.08.09 15:27:01.093,7.28875,7.28984,1.73,1.50
2012.08.09 15:27:01.155,7.28868,7.28977,1.73,1.50
2012.08.09 15:27:02.675,7.2886,7.28969,1.73,1.50
2012.08.09 15:27:07.019,7.28871,7.2898,1.73,1.50
2012.08.09 15:27:08.370,7.28861,7.2897,1.73,1.50
2012.08.09 15:27:09.183,7.28873,7.28982,1.73,1.50
2012.08.09 15:27:11.634,7.28883,7.28994,1.50,2.25
2012.08.09 15:27:12.533,7.28883,7.28994,1.50,2.25
2012.08.09 15:27:13.981,7.28876,7.28985,1.73,2.25
2012.08.09 15:27:15.580,7.28876,7.28985,1.73,1.50
2012.08.09 15:27:16.045,7.28883,7.28992,1.50,1.50
2012.08.09 15:27:16.371,7.28873,7.28984,1.73,1.50
2012.08.09 15:27:17.082,7.28873,7.28984,1.73,2.25
2012.08.09 15:27:17.606,7.28873,7.28984,1.73,1.50
2012.08.09 15:27:17.976,7.28873,7.28984,1.73,2.25
2012.08.09 15:27:18.195,7.28873,7.28984,1.73,1.50
2012.08.09 15:27:19.352,7.28873,7.28984,1.73,2.25
2012.08.09 15:27:19.696,7.28873,7.28984,1.73,1.50
2012.08.09 15:27:20.656,7.28882,7.28991,1.50,1.50
2012.08.09 15:27:22.102,7.28871,7.2898,1.73,1.50
2012.08.09 15:27:26.236,7.28886,7.28997,1.50,1.50
2012.08.09 15:27:26.992,7.28868,7.28979,1.73,1.50
2012.08.09 15:27:27.573,7.28877,7.28988,1.73,1.50
2012.08.09 15:27:27.692,7.28881,7.2899,1.50,1.50
2012.08.09 15:27:30.520,7.28863,7.28974,1.73,1.50
2012.08.09 15:27:30.790,7.28886,7.28997,1.50,1.50
2012.08.09 15:27:30.911,7.28879,7.2899,1.50,1.50
2012.08.09 15:27:31.255,7.28854,7.28963,1.50,1.50
2012.08.09 15:27:31.603,7.28864,7.28975,1.73,1.50
2012.08.09 15:27:31.956,7.28851,7.2896,1.73,1.50
2012.08.09 15:27:32.515,7.28851,7.2896,1.73,1.50
2012.08.09 15:27:33.092,7.2886,7.28969,1.73,1.50
2012.08.09 15:27:33.214,7.2886,7.28969,1.50,1.50
2012.08.09 15:27:33.707,7.28861,7.28972,1.73,1.50
2012.08.09 15:27:33.830,7.28868,7.28979,1.73,1.50
2012.08.09 15:27:34.009,7.28868,7.28979,1.50,1.50
2012.08.09 15:27:35.077,7.28868,7.28979,1.73,1.50
2012.08.09 15:27:35.310,7.28841,7.2895,1.50,1.50
2012.08.09 15:27:35.372,7.28841,7.2895,2.25,1.50
2012.08.09 15:27:35.718,7.28863,7.28974,1.73,1.50
2012.08.09 15:27:37.266,7.28863,7.28974,1.50,1.50
2012.08.09 15:27:37.611,7.28863,7.28974,1.73,1.50
2012.08.09 15:27:37.675,7.28882,7.28991,1.50,2.25
2012.08.09 15:27:37.795,7.28851,7.28962,1.73,1.50
2012.08.09 15:27:38.112,7.2886,7.28969,1.73,1.50
2012.08.09 15:27:39.130,7.2886,7.28969,1.50,1.50
2012.08.09 15:27:39.254,7.28851,7.28962,1.50,1.50
2012.08.09 15:27:39.319,7.28843,7.28951,1.13,1.50
2012.08.09 15:27:39.383,7.2884,7.28951,1.88,1.50
2012.08.09 15:27:39.447,7.2884,7.28951,1.50,1.50
2012.08.09 15:27:39.912,7.28851,7.28962,1.50,1.50
2012.08.09 15:27:40.246,7.28843,7.28954,1.50,1.50
2012.08.09 15:27:40.571,7.28823,7.28932,1.50,1.50
2012.08.09 15:27:40.925,7.28835,7.28946,1.50,1.50
2012.08.09 15:27:45.193,7.28826,7.28937,1.50,1.50
2012.08.09 15:27:45.506,7.28817,7.28926,1.73,1.50
2012.08.09 15:27:46.590,7.28823,7.28934,1.50,1.50
2012.08.09 15:27:46.938,7.28816,7.28925,1.50,1.50
2012.08.09 15:27:53.607,7.28808,7.28917,1.73,1.50
2012.08.09 15:27:56.016,7.28816,7.28927,1.50,1.50
2012.08.09 15:27:57.197,7.28808,7.28919,1.50,1.50
2012.08.09 15:27:58.307,7.28816,7.28927,1.50,1.50
2012.08.09 15:27:59.135,7.28807,7.28916,1.50,1.50
2012.08.09 15:28:00.295,7.28817,7.28926,1.50,1.73
2012.08.09 15:28:00.596,7.28779,7.28886,1.50,1.50
2012.08.09 15:28:00.660,7.28815,7.28886,1.50,1.50
2012.08.09 15:28:00.724,7.28815,7.28912,1.50,1.73
2012.08.09 15:28:00.904,7.28807,7.28916,1.50,1.73
2012.08.09 15:28:01.278,7.28799,7.28908,1.50,1.50
2012.08.09 15:28:02.217,7.28791,7.289,1.50,1.50
2012.08.09 15:28:02.283,7.2878,7.28891,1.50,1.50
2012.08.09 15:28:02.519,7.28766,7.28877,1.50,1.50
2012.08.09 15:28:03.715,7.28778,7.28889,1.50,1.50
2012.08.09 15:28:04.144,7.28771,7.2888,1.50,1.50
2012.08.09 15:28:04.546,7.2876,7.28869,1.50,1.50
2012.08.09 15:28:08.471,7.28769,7.28878,1.50,1.50
2012.08.09 15:28:09.181,7.28759,7.28868,1.50,1.50
2012.08.09 15:28:10.158,7.28767,7.28878,1.50,1.50
2012.08.09 15:28:10.620,7.28767,7.28878,1.50,2.48
2012.08.09 15:28:10.741,7.28754,7.28865,1.50,2.48
2012.08.09 15:28:10.862,7.2874,7.28851,1.50,1.73
2012.08.09 15:28:11.410,7.28706,7.28817,2.25,1.50
2012.08.09 15:28:12.078,7.28706,7.28817,1.50,1.50
2012.08.09 15:28:12.311,7.28711,7.28822,1.50,1.50
2012.08.09 15:28:12.665,7.28691,7.28797,1.73,1.50
2012.08.09 15:28:12.786,7.28739,7.28848,1.50,1.50
2012.08.09 15:28:13.289,7.28758,7.28869,1.50,1.50
2012.08.09 15:28:13.445,7.2875,7.28859,1.50,1.50
2012.08.09 15:28:14.986,7.28741,7.2885,1.50,1.50
2012.08.09 15:28:23.656,7.28731,7.2884,1.50,1.50
2012.08.09 15:28:24.194,7.28744,7.28853,1.50,1.50
2012.08.09 15:28:29.783,7.28736,7.28845,1.50,1.50
2012.08.09 15:28:32.666,7.2872,7.28831,1.73,1.50
2012.08.09 15:28:33.302,7.2873,7.28839,1.50,1.50
2012.08.09 15:28:38.473,7.28739,7.28848,1.50,1.50
2012.08.09 15:28:40.498,7.28728,7.28839,1.73,1.50
2012.08.09 15:28:41.006,7.2872,7.28831,1.73,1.50
2012.08.09 15:28:43.335,7.28712,7.28821,1.73,1.50
2012.08.09 15:28:43.695,7.28725,7.28834,1.73,1.50
2012.08.09 15:28:43.760,7.28731,7.28834,1.50,1.50
2012.08.09 15:28:44.101,7.28748,7.28834,1.35,1.50
2012.08.09 15:28:49.142,7.28748,7.28847,1.35,1.50
2012.08.09 15:28:53.267,7.28748,7.28834,1.35,1.50
2012.08.09 15:28:56.127,7.28748,7.28834,1.35,1.50
2012.08.09 15:28:56.720,7.28748,7.28834,1.35,1.50
2012.08.09 15:28:59.703,7.28748,7.28834,1.35,1.50
2012.08.09 15:28:59.842,7.2876,7.28858,2.48,2.25
2012.08.09 15:29:00.390,7.2876,7.28869,2.48,1.50
2012.08.09 15:29:00.622,7.28752,7.28861,2.48,1.50
2012.08.09 15:29:00.937,7.28748,7.28835,1.35,1.50
2012.08.09 15:29:02.171,7.28748,7.28835,1.35,1.50
2012.08.09 15:29:02.291,7.28748,7.28835,1.35,1.50
2012.08.09 15:29:03.184,7.28748,7.28843,1.35,1.50
2012.08.09 15:29:03.984,7.28748,7.28834,1.35,1.50
2012.08.09 15:29:05.905,7.28748,7.28844,1.35,1.50
2012.08.09 15:29:06.934,7.28748,7.28855,1.35,2.25
2012.08.09 15:29:07.936,7.28744,7.28855,1.73,1.50
2012.08.09 15:29:08.001,7.28744,7.28855,1.50,1.50
2012.08.09 15:29:08.638,7.28733,7.28842,1.50,1.50
2012.08.09 15:29:10.458,7.28733,7.28842,1.50,2.25
2012.08.09 15:29:11.244,7.2873,7.28841,1.50,2.25
2012.08.09 15:29:11.480,7.28731,7.2884,1.50,2.25
2012.08.09 15:29:12.964,7.28725,7.28834,1.73,2.25
2012.08.09 15:29:14.188,7.28731,7.28842,1.50,2.25
2012.08.09 15:29:14.837,7.28743,7.28852,1.50,2.25
2012.08.09 15:29:15.232,7.28743,7.28852,1.50,2.25
2012.08.09 15:29:15.399,7.28743,7.28852,1.50,2.25
2012.08.09 15:29:16.257,7.28743,7.28852,1.50,2.25
2012.08.09 15:29:17.606,7.28743,7.28852,1.50,2.25
2012.08.09 15:29:17.726,7.28743,7.28852,1.50,1.50
2012.08.09 15:29:17.791,7.28734,7.28845,1.50,1.50
2012.08.09 15:29:17.855,7.28734,7.28845,1.50,2.25
2012.08.09 15:29:18.491,7.28725,7.28836,1.50,1.50
2012.08.09 15:29:19.455,7.28725,7.28836,1.50,2.25
2012.08.09 15:29:20.478,7.28725,7.28836,1.50,2.25
2012.08.09 15:29:23.144,7.28742,7.28853,1.50,2.25
2012.08.09 15:29:23.729,7.28757,7.28866,1.50,2.25
2012.08.09 15:29:23.849,7.28736,7.28845,1.50,2.25
2012.08.09 15:29:24.518,7.28744,7.28853,1.50,2.25
2012.08.09 15:29:25.052,7.28736,7.28845,1.50,2.25
2012.08.09 15:29:26.352,7.28746,7.28855,1.50,2.25
2012.08.09 15:29:27.368,7.28759,7.28868,1.50,2.25
2012.08.09 15:29:28.776,7.28749,7.2886,1.50,2.25
2012.08.09 15:29:29.182,7.28726,7.28833,1.50,2.25
2012.08.09 15:29:29.277,7.28722,7.28833,1.50,2.25
2012.08.09 15:29:29.340,7.28735,7.28846,1.50,2.25
2012.08.09 15:29:29.404,7.28725,7.28834,1.50,2.25
2012.08.09 15:29:30.775,7.28752,7.28859,1.50,2.25
2012.08.09 15:29:30.841,7.28741,7.2885,1.50,2.25
2012.08.09 15:29:31.105,7.28741,7.2885,1.50,2.25
2012.08.09 15:29:31.284,7.28717,7.28819,1.73,2.25
2012.08.09 15:29:31.404,7.28727,7.28836,1.50,2.25
2012.08.09 15:29:31.635,7.28718,7.28829,1.50,2.25
2012.08.09 15:29:32.064,7.28727,7.28838,1.50,2.25
2012.08.09 15:29:32.186,7.28716,7.28825,1.73,2.25
2012.08.09 15:29:32.765,7.28715,7.28824,1.73,2.25
2012.08.09 15:29:33.053,7.28748,7.28848,1.50,2.25
2012.08.09 15:29:34.165,7.28748,7.28857,1.50,2.25
2012.08.09 15:29:34.228,7.28724,7.28816,1.50,2.25
2012.08.09 15:29:34.296,7.28707,7.28816,1.73,2.25
2012.08.09 15:29:34.359,7.28719,7.2883,1.50,2.25
2012.08.09 15:29:34.592,7.28707,7.28818,1.73,2.25
2012.08.09 15:29:34.769,7.28702,7.28813,2.48,2.25
2012.08.09 15:29:35.508,7.28719,7.28828,1.50,2.25
2012.08.09 15:29:35.628,7.28703,7.28812,2.48,2.25
2012.08.09 15:29:35.860,7.28713,7.28822,1.73,2.25
2012.08.09 15:29:36.755,7.28719,7.28828,1.50,2.25
2012.08.09 15:29:36.876,7.2871,7.28819,1.73,2.25
2012.08.09 15:29:37.610,7.28706,7.28815,1.73,2.25
2012.08.09 15:29:43.947,7.28726,7.28829,1.50,2.25
2012.08.09 15:29:44.065,7.28708,7.28817,1.73,2.25
2012.08.09 15:29:44.185,7.28727,7.28836,1.50,2.25
2012.08.09 15:29:44.304,7.28718,7.28827,1.50,2.25
2012.08.09 15:29:44.906,7.28709,7.2882,1.73,2.25
2012.08.09 15:29:45.373,7.28709,7.2882,1.73,2.25
2012.08.09 15:29:47.423,7.28698,7.28807,1.35,1.50
2012.08.09 15:29:47.542,7.28704,7.28815,1.73,1.50
2012.08.09 15:29:47.709,7.28704,7.28815,1.73,2.25
2012.08.09 15:29:48.230,7.28699,7.28786,1.73,1.50
2012.08.09 15:29:48.581,7.28728,7.28823,1.35,2.25
2012.08.09 15:29:48.875,7.28728,7.28823,1.35,1.50
2012.08.09 15:29:48.952,7.28728,7.28832,1.35,2.25
2012.08.09 15:29:50.048,7.2873,7.28841,2.48,2.25
2012.08.09 15:29:50.875,7.28741,7.28852,1.73,2.25
2012.08.09 15:29:52.856,7.28728,7.2883,1.35,1.50
2012.08.09 15:29:52.918,7.28728,7.2883,1.35,1.50
2012.08.09 15:29:53.977,7.28728,7.2883,1.35,1.50
2012.08.09 15:29:55.086,7.28728,7.28819,1.35,1.50
2012.08.09 15:29:56.292,7.28728,7.28819,1.35,1.50
2012.08.09 15:29:59.780,7.28728,7.28819,1.35,1.50
2012.08.09 15:30:00.548,7.28728,7.28819,1.35,1.50
2012.08.09 15:30:01.290,7.28733,7.28843,2.48,1.50
2012.08.09 15:30:01.932,7.28733,7.28844,2.48,1.50
2012.08.09 15:30:02.057,7.28762,7.28871,1.50,2.25
2012.08.09 15:30:02.190,7.28762,7.28871,1.50,1.50
2012.08.09 15:30:02.806,7.28748,7.28857,1.73,1.50
2012.08.09 15:30:03.050,7.28751,7.2886,1.73,1.50
2012.08.09 15:30:04.192,7.28776,7.28884,1.50,2.25
2012.08.09 15:30:04.550,7.28765,7.28876,1.50,2.25
2012.08.09 15:30:06.926,7.28765,7.28876,1.50,2.25
2012.08.09 15:30:07.045,7.28756,7.28865,1.73,2.25
2012.08.09 15:30:09.355,7.28743,7.28852,1.73,2.25
2012.08.09 15:30:12.467,7.28734,7.28845,2.48,2.25
2012.08.09 15:30:16.649,7.28752,7.28861,2.48,2.25
2012.08.09 15:30:17.196,7.28782,7.28891,1.50,2.25
2012.08.09 15:30:17.607,7.28798,7.28909,1.50,2.25
2012.08.09 15:30:19.083,7.2879,7.28899,1.50,2.25
2012.08.09 15:30:20.258,7.28778,7.28887,2.25,2.25
2012.08.09 15:30:20.904,7.28795,7.28904,1.50,2.25
2012.08.09 15:30:24.794,7.28795,7.28904,1.50,2.25
2012.08.09 15:30:26.448,7.28795,7.28904,1.50,2.25
2012.08.09 15:30:26.946,7.28764,7.28875,2.25,2.25
2012.08.09 15:30:27.587,7.28764,7.28875,2.25,2.25
2012.08.09 15:30:28.577,7.28764,7.28875,2.25,2.25
2012.08.09 15:30:29.301,7.28764,7.28875,2.25,2.25
2012.08.09 15:30:32.715,7.28736,7.28845,2.48,2.25
2012.08.09 15:30:34.903,7.28736,7.28845,2.48,2.25
2012.08.09 15:30:35.421,7.28736,7.28845,2.48,2.25
2012.08.09 15:30:36.075,7.28736,7.28845,2.48,2.25
2012.08.09 15:30:36.193,7.28736,7.28845,2.48,2.25
2012.08.09 15:30:36.957,7.2874,7.28849,2.48,2.25
2012.08.09 15:30:37.597,7.2874,7.28849,2.48,2.25
2012.08.09 15:30:38.975,7.2874,7.28849,2.48,2.25
2012.08.09 15:30:39.136,7.2874,7.28849,2.48,2.25
2012.08.09 15:30:40.725,7.28756,7.28865,1.73,2.25
2012.08.09 15:30:41.807,7.28767,7.28865,1.50,2.25
2012.08.09 15:30:42.703,7.28791,7.289,1.50,2.25
2012.08.09 15:30:45.661,7.28781,7.2889,1.50,2.25
2012.08.09 15:30:55.910,7.28781,7.2889,1.50,2.25
2012.08.09 15:30:56.072,7.28781,7.2889,2.25,1.50
2012.08.09 15:30:58.823,7.28781,7.2889,1.50,1.50
2012.08.09 15:31:05.685,7.28783,7.28894,1.50,1.50
2012.08.09 15:31:16.609,7.28783,7.28893,1.50,1.50
2012.08.09 15:31:16.671,7.28758,7.28869,2.48,1.50
2012.08.09 15:31:18.097,7.28758,7.28869,2.48,1.50
2012.08.09 15:31:18.468,7.28758,7.28869,2.48,1.50
2012.08.09 15:31:18.773,7.28758,7.28869,1.73,1.50
2012.08.09 15:31:21.030,7.28758,7.28869,2.48,1.50
2012.08.09 15:31:23.921,7.28758,7.28869,2.48,1.50
2012.08.09 15:31:27.997,7.28758,7.28869,2.48,1.50
2012.08.09 15:31:28.538,7.28749,7.2886,2.48,1.50
2012.08.09 15:31:28.937,7.28748,7.28857,2.48,1.50
2012.08.09 15:31:29.120,7.28757,7.28868,2.48,1.50
2012.08.09 15:31:29.237,7.28757,7.28868,2.48,1.50
2012.08.09 15:31:29.486,7.28749,7.28858,2.48,1.50
2012.08.09 15:31:29.603,7.28757,7.28866,2.48,1.50
2012.08.09 15:31:31.068,7.28781,7.2889,1.50,1.50
2012.08.09 15:31:34.399,7.28781,7.2889,1.50,2.25
2012.08.09 15:31:35.687,7.28788,7.28899,1.50,2.25
2012.08.09 15:31:40.515,7.28799,7.28908,1.50,2.25
2012.08.09 15:31:40.947,7.28775,7.28876,1.50,2.25
2012.08.09 15:31:41.135,7.28767,7.28876,1.50,2.25
2012.08.09 15:31:41.508,7.28774,7.28885,1.50,2.25
2012.08.09 15:31:43.570,7.28766,7.28875,1.50,2.25
2012.08.09 15:31:46.772,7.28755,7.28864,1.73,2.25
2012.08.09 15:31:48.185,7.28764,7.28873,1.50,2.25
2012.08.09 15:31:48.303,7.28754,7.28865,1.73,2.25
2012.08.09 15:31:55.131,7.28772,7.28883,1.50,2.25
2012.08.09 15:32:03.188,7.28782,7.28893,1.50,2.25
2012.08.09 15:32:05.287,7.28759,7.28867,1.50,2.25
2012.08.09 15:32:06.675,7.28756,7.28867,1.73,2.25
2012.08.09 15:32:06.816,7.2876,7.28867,1.50,2.25
2012.08.09 15:32:07.136,7.28784,7.28895,1.50,2.25
2012.08.09 15:32:07.492,7.28776,7.28887,1.50,2.25
2012.08.09 15:32:07.728,7.28803,7.28912,1.50,2.48
2012.08.09 15:32:07.791,7.28778,7.2888,1.50,2.48
2012.08.09 15:32:07.855,7.28769,7.2888,1.50,2.48
2012.08.09 15:32:07.917,7.28765,7.28876,1.50,2.48
2012.08.09 15:32:07.981,7.28765,7.28876,2.25,2.48
2012.08.09 15:32:08.330,7.28796,7.28901,1.50,1.73
2012.08.09 15:32:08.393,7.28772,7.28862,1.50,1.50
2012.08.09 15:32:08.456,7.28753,7.28862,1.50,1.50
2012.08.09 15:32:11.476,7.28753,7.28862,1.50,2.25
2012.08.09 15:32:16.444,7.28785,7.28887,1.50,2.48
2012.08.09 15:32:25.287,7.28753,7.28864,1.50,2.25
2012.08.09 15:32:26.780,7.28761,7.28872,1.50,2.25
2012.08.09 15:32:27.883,7.28753,7.28864,1.50,2.25
2012.08.09 15:32:27.947,7.28764,7.28873,1.50,2.48
2012.08.09 15:32:31.118,7.28754,7.28865,1.50,2.25
2012.08.09 15:32:31.578,7.28764,7.28875,1.50,2.48
2012.08.09 15:32:32.289,7.28764,7.28875,1.50,1.73
2012.08.09 15:32:33.482,7.28772,7.28883,1.50,1.73
2012.08.09 15:32:33.544,7.28761,7.28872,1.50,1.50
2012.08.09 15:32:36.256,7.28794,7.28893,1.50,1.35
2012.08.09 15:32:38.017,7.28775,7.28886,1.50,2.48
2012.08.09 15:32:38.139,7.28793,7.2889,1.50,1.35
2012.08.09 15:32:38.741,7.28785,7.2889,1.50,1.35
2012.08.09 15:32:39.937,7.28793,7.28893,1.50,1.35
2012.08.09 15:32:43.220,7.28785,7.28893,1.50,1.35
2012.08.09 15:32:45.307,7.28794,7.28893,1.50,1.35
2012.08.09 15:32:46.497,7.2876,7.28869,1.50,1.50
2012.08.09 15:32:47.409,7.28767,7.28869,1.50,1.50
2012.08.09 15:32:47.763,7.28792,7.28893,1.50,1.35
2012.08.09 15:32:57.550,7.28767,7.28865,1.50,1.50
2012.08.09 15:32:57.621,7.28756,7.28865,1.50,1.50
2012.08.09 15:32:59.976,7.28765,7.28876,1.50,1.73
2012.08.09 15:33:00.666,7.28756,7.28867,1.50,1.50
2012.08.09 15:33:01.836,7.28764,7.28867,1.50,1.50
2012.08.09 15:33:02.197,7.28804,7.28893,1.50,1.35
2012.08.09 15:33:02.931,7.28803,7.28893,1.50,1.35
2012.08.09 15:33:05.991,7.28795,7.28893,1.50,1.35
2012.08.09 15:33:11.989,7.2877,7.28875,1.50,1.73
2012.08.09 15:33:12.051,7.28764,7.28875,1.50,1.73
2012.08.09 15:33:14.098,7.28756,7.28867,1.50,1.50
2012.08.09 15:33:15.295,7.28748,7.28857,1.50,1.50
2012.08.09 15:33:15.472,7.28759,7.2887,1.50,1.50
2012.08.09 15:33:16.242,7.2875,7.28859,1.50,1.50
2012.08.09 15:33:18.480,7.2875,7.28859,1.50,2.25
2012.08.09 15:33:27.933,7.28758,7.28869,1.50,2.25
2012.08.09 15:33:29.199,7.28748,7.28859,1.50,2.25
2012.08.09 15:33:40.469,7.28741,7.2885,1.50,1.50
2012.08.09 15:33:40.532,7.28741,7.2885,1.50,2.25
2012.08.09 15:33:45.026,7.28753,7.28862,1.50,2.25
2012.08.09 15:33:52.717,7.28716,7.28827,1.50,1.50
2012.08.09 15:33:58.092,7.28704,7.28815,1.50,1.50
2012.08.09 15:34:00.817,7.28704,7.28815,2.25,1.50
2012.08.09 15:34:03.744,7.28704,7.28815,2.25,1.50
2012.08.09 15:34:06.364,7.28713,7.28822,1.50,1.50
2012.08.09 15:34:07.924,7.28702,7.28813,2.25,1.50
2012.08.09 15:34:09.025,7.28702,7.28813,1.50,1.50
2012.08.09 15:34:11.783,7.28712,7.28821,1.50,1.50
2012.08.09 15:34:12.580,7.28721,7.28832,1.50,1.50
2012.08.09 15:34:12.677,7.28731,7.28842,1.50,2.25
2012.08.09 15:34:13.088,7.28723,7.28832,1.50,1.50
2012.08.09 15:34:15.285,7.28714,7.28825,1.50,1.50
2012.08.09 15:34:25.532,7.28725,7.28834,1.50,1.50
2012.08.09 15:34:26.137,7.28716,7.28825,1.50,1.50
2012.08.09 15:34:28.285,7.28708,7.28817,1.50,1.50
2012.08.09 15:34:36.256,7.28716,7.28825,1.50,1.50
2012.08.09 15:34:40.835,7.28708,7.28817,1.50,1.50
2012.08.09 15:35:00.782,7.28709,7.28818,1.50,1.50
2012.08.09 15:35:21.179,7.28709,7.2882,1.50,1.50
2012.08.09 15:35:28.015,7.28701,7.2881,1.50,1.50
2012.08.09 15:35:30.690,7.28693,7.28802,2.25,1.50
2012.08.09 15:35:36.421,7.28693,7.28802,2.25,1.50
2012.08.09 15:35:36.824,7.28704,7.28813,1.50,2.25
2012.08.09 15:35:37.146,7.28704,7.28813,1.50,2.25
2012.08.09 15:35:40.230,7.28704,7.28813,2.25,2.25
2012.08.09 15:35:40.496,7.28704,7.28813,2.25,2.25
2012.08.09 15:35:42.168,7.28692,7.28803,2.25,1.50
2012.08.09 15:35:42.573,7.28692,7.28803,2.25,1.50
2012.08.09 15:35:42.700,7.28692,7.28803,2.25,2.25
2012.08.09 15:35:43.644,7.28692,7.28803,2.25,2.25
2012.08.09 15:35:44.206,7.28692,7.28803,2.25,2.25
2012.08.09 15:35:44.406,7.28692,7.28803,2.25,2.25
2012.08.09 15:35:44.909,7.28692,7.28803,2.25,2.25
2012.08.09 15:35:57.423,7.28703,7.28814,1.50,2.25
2012.08.09 15:35:58.261,7.28688,7.28797,2.25,2.25
2012.08.09 15:35:59.665,7.28688,7.28797,2.25,1.50
2012.08.09 15:36:00.117,7.28715,7.28826,1.50,2.25
2012.08.09 15:36:00.182,7.28706,7.28817,1.50,2.25
2012.08.09 15:36:01.633,7.28706,7.28817,1.50,1.50
2012.08.09 15:36:01.697,7.28706,7.28781,1.50,2.10
2012.08.09 15:36:01.824,7.28689,7.28781,1.50,2.10
2012.08.09 15:36:01.946,7.28625,7.28734,2.25,1.50
2012.08.09 15:36:02.305,7.28591,7.28702,2.25,1.50
2012.08.09 15:36:03.103,7.28591,7.28702,2.25,1.50
2012.08.09 15:36:03.166,7.286,7.28711,2.25,1.50
2012.08.09 15:36:04.526,7.28593,7.28702,2.25,1.50
2012.08.09 15:36:06.328,7.28584,7.28693,2.25,1.50
2012.08.09 15:36:08.997,7.28559,7.28667,2.25,1.50
2012.08.09 15:36:21.854,7.28548,7.28659,2.25,1.50
2012.08.09 15:36:27.447,7.28531,7.28642,2.25,1.50
2012.08.09 15:36:29.417,7.28668,7.28784,2.52,1.35
2012.08.09 15:36:29.481,7.28678,7.28831,1.50,1.50
2012.08.09 15:36:29.826,7.28738,7.28886,1.13,2.25
2012.08.09 15:36:30.337,7.28738,7.28886,1.13,2.25
2012.08.09 15:36:34.154,7.28758,7.28866,1.13,2.25
2012.08.09 15:36:34.675,7.28758,7.28866,1.13,2.25
2012.08.09 15:36:35.480,7.28758,7.28866,1.13,2.25
2012.08.09 15:36:36.150,7.28755,7.28866,2.25,1.50
2012.08.09 15:36:36.213,7.28627,7.28783,1.50,2.33
2012.08.09 15:36:36.560,7.28656,7.28742,2.25,1.50
2012.08.09 15:36:36.888,7.28588,7.28717,2.25,1.50
2012.08.09 15:36:37.521,7.28608,7.28714,2.25,1.50
2012.08.09 15:36:37.835,7.2858,7.28689,2.25,1.50
2012.08.09 15:36:37.898,7.2858,7.28689,2.25,1.50
2012.08.09 15:36:39.542,7.28572,7.28681,2.25,1.50
2012.08.09 15:36:40.562,7.28562,7.28671,1.50,1.50
2012.08.09 15:36:41.592,7.28592,7.28703,2.25,1.50
2012.08.09 15:36:41.695,7.28601,7.2871,2.25,1.50
2012.08.09 15:36:43.239,7.28592,7.28703,2.25,1.50
2012.08.09 15:36:43.562,7.28576,7.28685,2.25,1.50
2012.08.09 15:36:48.375,7.28576,7.28685,1.50,1.50
2012.08.09 15:36:59.598,7.28597,7.28706,1.50,1.50
2012.08.09 15:36:59.992,7.28608,7.28717,1.50,1.50
2012.08.09 15:37:02.250,7.28623,7.28734,1.50,1.50
2012.08.09 15:37:02.371,7.28623,7.28734,2.25,1.50
2012.08.09 15:37:06.573,7.28598,7.28707,2.25,1.50
2012.08.09 15:37:06.694,7.28598,7.28707,2.25,1.50
2012.08.09 15:37:08.569,7.28589,7.28698,2.25,1.50
2012.08.09 15:37:23.066,7.28597,7.28706,2.25,1.50
2012.08.09 15:37:25.817,7.28589,7.28698,2.25,1.50
2012.08.09 15:37:44.801,7.28577,7.28688,2.25,1.50
2012.08.09 15:37:45.579,7.28586,7.28697,2.25,1.50
2012.08.09 15:38:05.432,7.28584,7.28695,2.25,1.50
2012.08.09 15:38:29.291,7.28576,7.28687,2.25,1.50
2012.08.09 15:38:29.354,7.28576,7.28687,2.25,1.50
2012.08.09 15:38:30.465,7.28594,7.28703,2.25,1.50
2012.08.09 15:38:33.187,7.28586,7.28695,2.25,1.50
2012.08.09 15:38:42.244,7.28578,7.28687,2.25,1.50
2012.08.09 15:38:45.241,7.28584,7.28695,2.25,1.50
2012.08.09 15:38:45.637,7.28574,7.28685,2.25,1.50
2012.08.09 15:38:45.868,7.28574,7.28685,2.25,1.50
2012.08.09 15:38:58.959,7.28566,7.28677,2.25,1.50
2012.08.09 15:38:59.184,7.28576,7.28685,2.25,1.50
2012.08.09 15:39:06.325,7.28562,7.28671,2.25,1.50
2012.08.09 15:39:10.430,7.28562,7.28671,1.50,1.50
2012.08.09 15:39:15.654,7.28575,7.28686,2.25,1.50
2012.08.09 15:39:15.988,7.28575,7.28686,2.25,1.50
2012.08.09 15:39:35.637,7.28574,7.28683,2.25,1.50
2012.08.09 15:39:38.537,7.28574,7.28683,2.25,1.50
2012.08.09 15:39:38.713,7.28564,7.28675,2.25,1.50
2012.08.09 15:39:38.776,7.28564,7.28675,2.25,1.50
2012.08.09 15:39:40.116,7.28564,7.28675,2.25,1.50
2012.08.09 15:39:59.183,7.28568,7.28677,2.25,1.50
2012.08.09 15:39:59.625,7.2856,7.28669,2.25,1.50
2012.08.09 15:40:00.953,7.28541,7.28652,2.25,1.50
2012.08.09 15:40:01.302,7.28515,7.28636,2.25,1.50
2012.08.09 15:40:03.524,7.28522,7.28645,2.25,1.50
2012.08.09 15:40:03.644,7.28522,7.28645,2.25,1.50
2012.08.09 15:40:04.167,7.28521,7.28654,2.25,1.50
2012.08.09 15:40:08.676,7.28529,7.28664,2.25,1.50
2012.08.09 15:40:15.563,7.28557,7.2869,2.25,1.50
2012.08.09 15:40:15.627,7.28557,7.28684,2.25,1.50
2012.08.09 15:40:15.975,7.28577,7.28688,2.25,1.50
2012.08.09 15:40:16.096,7.28585,7.28696,2.25,1.50
2012.08.09 15:40:19.561,7.28595,7.28706,2.25,1.50
2012.08.09 15:40:19.680,7.28587,7.28696,2.25,1.50
2012.08.09 15:40:21.599,7.28577,7.28688,2.25,1.50
2012.08.09 15:40:23.780,7.28583,7.28692,2.25,1.50
2012.08.09 15:40:31.659,7.28583,7.28692,2.25,1.50
2012.08.09 15:40:35.860,7.28597,7.28706,2.25,1.50
2012.08.09 15:40:35.938,7.28605,7.28714,1.50,1.50
2012.08.09 15:40:36.009,7.28595,7.28706,2.25,1.50
2012.08.09 15:40:37.334,7.28587,7.28696,2.25,1.50
2012.08.09 15:40:37.407,7.28607,7.28718,1.50,1.50
2012.08.09 15:40:39.724,7.28587,7.28698,2.25,1.50
2012.08.09 15:40:42.760,7.28581,7.28692,2.25,1.50
2012.08.09 15:40:43.363,7.28549,7.28658,2.25,1.50
2012.08.09 15:40:44.596,7.28546,7.28657,2.25,1.50
2012.08.09 15:40:44.721,7.28571,7.2868,2.25,1.50
2012.08.09 15:40:44.839,7.28571,7.28682,2.25,1.50
2012.08.09 15:40:45.369,7.28546,7.28655,2.25,1.50
2012.08.09 15:40:46.714,7.28534,7.28643,2.25,1.50
2012.08.09 15:40:46.943,7.28538,7.28649,2.25,1.50
2012.08.09 15:40:47.724,7.28547,7.28656,2.25,1.50
2012.08.09 15:40:51.456,7.28554,7.28665,2.25,1.50
2012.08.09 15:40:52.320,7.2855,7.28661,2.25,1.50
2012.08.09 15:40:52.917,7.28542,7.28653,2.25,1.50
2012.08.09 15:40:57.533,7.28533,7.28644,2.25,1.50
2012.08.09 15:40:57.597,7.28533,7.28644,2.25,1.50
2012.08.09 15:40:58.374,7.28509,7.2862,2.25,1.50
2012.08.09 15:40:59.382,7.28519,7.28628,2.25,1.50
2012.08.09 15:40:59.910,7.28527,7.28636,2.25,1.50
2012.08.09 15:41:01.392,7.28536,7.28645,1.50,1.50
2012.08.09 15:41:14.631,7.28527,7.28638,2.25,1.50
2012.08.09 15:41:17.636,7.28699,7.28763,1.50,1.50
2012.08.09 15:41:17.703,7.28724,7.28832,1.50,1.35
2012.08.09 15:41:17.827,7.28655,7.28786,1.13,1.58
2012.08.09 15:41:17.894,7.28701,7.28839,1.50,2.10
2012.08.09 15:41:18.075,7.28651,7.28715,1.50,1.50
2012.08.09 15:41:18.141,7.286,7.2869,1.50,1.50
2012.08.09 15:41:18.205,7.28521,7.2869,2.25,1.50
2012.08.09 15:41:18.269,7.28529,7.287,2.25,1.50
2012.08.09 15:41:18.334,7.28529,7.287,2.25,1.50
2012.08.09 15:41:18.400,7.28541,7.28712,2.25,1.50
2012.08.09 15:41:18.636,7.28565,7.28734,1.50,1.73
2012.08.09 15:41:19.494,7.28605,7.28714,1.50,2.33
2012.08.09 15:41:19.558,7.28597,7.28683,1.50,1.50
2012.08.09 15:41:19.621,7.2855,7.28659,2.25,1.50
2012.08.09 15:41:19.741,7.28532,7.28643,2.25,1.50
2012.08.09 15:41:22.614,7.28532,7.28643,2.25,1.50
2012.08.09 15:41:22.851,7.2852,7.28629,2.25,1.50
2012.08.09 15:41:26.485,7.28528,7.28639,2.25,1.50
2012.08.09 15:41:37.961,7.28529,7.2864,2.25,1.50
2012.08.09 15:41:40.767,7.28529,7.2864,2.25,1.50
2012.08.09 15:41:42.131,7.28539,7.28648,1.50,1.50
2012.08.09 15:41:42.195,7.28527,7.28636,2.25,1.50
2012.08.09 15:41:43.308,7.28535,7.28644,2.25,1.50
2012.08.09 15:41:43.967,7.28526,7.28635,2.25,1.50
2012.08.09 15:41:47.643,7.2856,7.2866,1.50,1.50
2012.08.09 15:41:47.809,7.28554,7.2866,1.50,1.50
2012.08.09 15:41:47.970,7.28554,7.28663,1.50,1.50
2012.08.09 15:41:48.033,7.28535,7.28644,3.75,1.50
2012.08.09 15:41:48.388,7.28526,7.28635,2.25,1.50
2012.08.09 15:41:50.820,7.28517,7.28626,2.25,1.50
2012.08.09 15:41:53.374,7.28517,7.28572,2.25,1.50
2012.08.09 15:41:53.437,7.28437,7.28548,2.25,2.25
2012.08.09 15:41:53.558,7.28437,7.28512,2.25,1.73
2012.08.09 15:41:53.795,7.28437,7.28548,1.50,1.50
2012.08.09 15:41:54.143,7.28483,7.28572,1.50,1.50
2012.08.09 15:41:54.264,7.28483,7.28594,1.50,1.50
2012.08.09 15:42:02.457,7.28475,7.28584,1.50,1.50
2012.08.09 15:42:10.679,7.28484,7.28595,1.50,1.50
2012.08.09 15:42:23.610,7.28463,7.28574,1.50,1.50
2012.08.09 15:42:23.931,7.28479,7.2859,1.50,1.50
2012.08.09 15:42:24.928,7.28488,7.28597,1.50,1.50
2012.08.09 15:42:25.464,7.28482,7.28593,1.50,1.50
2012.08.09 15:42:27.495,7.28481,7.28592,1.50,1.50
2012.08.09 15:42:27.909,7.28473,7.28584,1.50,1.50
2012.08.09 15:42:31.259,7.2846,7.28569,1.50,1.50
2012.08.09 15:42:32.493,7.28473,7.28584,1.50,1.50
2012.08.09 15:42:34.358,7.28475,7.28584,1.50,1.50
2012.08.09 15:42:37.744,7.28484,7.28593,1.50,1.50
2012.08.09 15:42:38.817,7.28491,7.28602,1.50,1.50
2012.08.09 15:42:39.100,7.28481,7.28592,1.50,1.50
2012.08.09 15:42:39.463,7.28484,7.28593,1.50,1.50
2012.08.09 15:42:40.740,7.28501,7.2861,1.50,1.50
2012.08.09 15:42:41.430,7.28492,7.28603,1.50,1.50
2012.08.09 15:42:41.977,7.28588,7.28732,1.50,1.50
2012.08.09 15:42:42.218,7.28588,7.28737,2.25,1.50
2012.08.09 15:42:42.909,7.28609,7.28758,1.50,1.50
2012.08.09 15:42:44.145,7.2864,7.28749,1.50,1.50
2012.08.09 15:42:44.505,7.28625,7.28734,1.50,1.50
2012.08.09 15:42:45.489,7.28633,7.28742,1.50,1.50
2012.08.09 15:42:45.842,7.2848,7.28588,1.50,1.73
2012.08.09 15:42:45.964,7.2848,7.28641,1.50,1.50
2012.08.09 15:42:46.027,7.2848,7.28702,1.50,1.35
2012.08.09 15:42:46.089,7.2848,7.28702,1.50,1.35
2012.08.09 15:42:46.451,7.28476,7.28675,2.25,1.50
2012.08.09 15:42:46.803,7.28501,7.2865,1.50,1.50
2012.08.09 15:42:47.104,7.28513,7.28622,1.50,1.50
2012.08.09 15:42:48.569,7.28505,7.28614,1.50,1.50
2012.08.09 15:42:49.126,7.28583,7.28638,1.50,1.50
2012.08.09 15:42:49.191,7.28583,7.28682,2.25,1.35
2012.08.09 15:42:49.257,7.28594,7.28705,2.25,1.50
2012.08.09 15:42:49.380,7.28607,7.28716,1.50,1.50
2012.08.09 15:42:49.808,7.28614,7.28725,1.50,1.50
2012.08.09 15:42:51.025,7.28636,7.28745,1.50,1.50
2012.08.09 15:42:51.898,7.28646,7.28755,1.50,1.50
2012.08.09 15:42:52.021,7.28556,7.28667,1.50,1.50
2012.08.09 15:42:52.806,7.28549,7.28658,1.50,1.50
2012.08.09 15:42:53.108,7.28556,7.28667,1.50,1.50
2012.08.09 15:42:53.579,7.28548,7.28659,1.50,1.50
2012.08.09 15:42:54.115,7.28536,7.28645,1.50,1.50
2012.08.09 15:42:54.355,7.28515,7.28626,1.50,1.50
2012.08.09 15:42:54.677,7.28537,7.28648,1.50,1.50
2012.08.09 15:42:55.041,7.2854,7.28651,1.50,1.50
2012.08.09 15:42:55.747,7.28532,7.28643,1.50,1.50
2012.08.09 15:42:56.696,7.28543,7.28652,1.50,1.50
2012.08.09 15:42:57.046,7.28535,7.28644,1.50,1.50
2012.08.09 15:42:57.397,7.28526,7.28635,1.50,1.50
2012.08.09 15:42:59.436,7.28518,7.28627,1.50,1.50
2012.08.09 15:43:00.784,7.28507,7.28618,2.25,1.50
2012.08.09 15:43:03.779,7.28496,7.28607,2.25,1.50
2012.08.09 15:43:04.426,7.28505,7.28614,2.25,1.50
2012.08.09 15:43:08.393,7.28513,7.28624,1.50,1.50
2012.08.09 15:43:09.481,7.28523,7.28632,2.25,1.50
2012.08.09 15:43:09.604,7.28582,7.28693,2.25,1.50
2012.08.09 15:43:09.668,7.28596,7.28705,1.88,1.50
2012.08.09 15:43:09.732,7.28596,7.28705,2.63,1.50
2012.08.09 15:43:09.798,7.28615,7.28724,1.50,1.50
2012.08.09 15:43:11.676,7.28637,7.28748,1.50,3.00
2012.08.09 15:43:12.624,7.28646,7.28755,1.50,1.50
2012.08.09 15:43:13.690,7.28662,7.28765,1.50,1.50
2012.08.09 15:43:14.078,7.28662,7.28765,1.50,1.73
2012.08.09 15:43:14.146,7.28605,7.28714,1.50,1.50
2012.08.09 15:43:15.757,7.28582,7.28691,1.50,1.50
2012.08.09 15:43:16.447,7.28572,7.28683,1.50,2.10
2012.08.09 15:43:16.513,7.28444,7.28591,1.73,1.58
2012.08.09 15:43:16.636,7.28439,7.2859,1.50,2.48
2012.08.09 15:43:16.758,7.2843,7.28579,1.50,2.48
2012.08.09 15:43:16.882,7.28439,7.2859,1.50,2.48
2012.08.09 15:43:18.860,7.28448,7.28557,1.50,2.48
2012.08.09 15:43:19.560,7.28441,7.28542,1.50,1.35
2012.08.09 15:43:19.906,7.28432,7.28541,1.50,2.85
2012.08.09 15:43:20.480,7.28432,7.28508,1.50,2.33
2012.08.09 15:43:20.601,7.28418,7.28508,1.50,2.33
2012.08.09 15:43:20.893,7.28394,7.28486,1.50,2.10
2012.08.09 15:43:21.130,7.28385,7.28494,1.50,2.10
2012.08.09 15:43:22.437,7.28375,7.28486,1.50,2.10
2012.08.09 15:43:22.731,7.28375,7.28486,1.50,1.50
2012.08.09 15:43:22.908,7.28405,7.28516,1.50,1.50
2012.08.09 15:43:23.254,7.28397,7.28506,1.50,1.50
2012.08.09 15:43:23.771,7.28405,7.28514,1.50,1.50
2012.08.09 15:43:24.887,7.28391,7.28502,1.50,1.50
2012.08.09 15:43:33.036,7.284,7.28509,1.50,1.50
2012.08.09 15:43:33.420,7.28392,7.28501,1.50,1.50
2012.08.09 15:43:35.726,7.28379,7.28488,1.50,1.50
2012.08.09 15:43:39.404,7.28385,7.28488,1.50,1.50
2012.08.09 15:43:39.467,7.28409,7.28518,1.50,1.50
2012.08.09 15:43:40.762,7.28417,7.28526,1.50,2.25
2012.08.09 15:43:43.847,7.28404,7.28515,1.50,1.50
2012.08.09 15:43:46.491,7.28386,7.28497,1.50,1.50
2012.08.09 15:43:46.940,7.28386,7.28491,1.50,1.50
2012.08.09 15:43:47.010,7.28356,7.28467,1.50,1.50
2012.08.09 15:43:50.572,7.28349,7.28458,1.50,1.50
2012.08.09 15:43:57.846,7.28352,7.28461,1.50,1.50
2012.08.09 15:44:04.434,7.28327,7.28486,1.50,1.50
2012.08.09 15:44:04.554,7.28359,7.2847,1.50,1.50
2012.08.09 15:44:04.676,7.28306,7.28529,2.25,2.25
2012.08.09 15:44:04.853,7.28348,7.28459,1.50,1.50
2012.08.09 15:44:05.570,7.28329,7.28543,1.50,2.25
2012.08.09 15:44:05.690,7.28299,7.28527,2.25,2.25
2012.08.09 15:44:05.754,7.2833,7.28489,1.50,1.50
2012.08.09 15:44:05.990,7.28318,7.28541,2.25,2.25
2012.08.09 15:44:06.442,7.28362,7.28471,1.50,1.50
2012.08.09 15:44:06.681,7.2833,7.28487,1.50,1.50
2012.08.09 15:44:06.746,7.28308,7.28536,2.25,2.25
2012.08.09 15:44:06.809,7.2836,7.28471,1.50,1.50
2012.08.09 15:44:06.929,7.28308,7.28536,2.25,2.25
2012.08.09 15:44:07.047,7.28353,7.28462,1.50,1.50
2012.08.09 15:44:07.166,7.28297,7.28525,2.25,1.50
2012.08.09 15:44:07.229,7.28338,7.28447,1.50,1.50
2012.08.09 15:44:07.348,7.28345,7.28456,1.50,1.50
2012.08.09 15:44:07.467,7.28329,7.28486,1.50,1.50
2012.08.09 15:44:07.529,7.28322,7.28479,2.25,1.50
2012.08.09 15:44:07.648,7.28292,7.2852,2.25,1.50
2012.08.09 15:44:07.711,7.28317,7.28505,2.25,1.50
2012.08.09 15:44:07.942,7.28306,7.28525,2.25,1.50
2012.08.09 15:44:08.005,7.28344,7.28455,1.50,1.50
2012.08.09 15:44:08.124,7.2832,7.28479,2.25,1.50
2012.08.09 15:44:08.242,7.28344,7.28455,1.50,1.50
2012.08.09 15:44:08.362,7.28321,7.28478,2.25,1.50
2012.08.09 15:44:08.482,7.28345,7.28454,1.50,1.50
2012.08.09 15:44:08.602,7.2832,7.28479,2.25,1.50
2012.08.09 15:44:08.720,7.28318,7.28503,2.25,1.50
2012.08.09 15:44:08.783,7.28351,7.2846,1.50,1.50
2012.08.09 15:44:08.902,7.28326,7.28485,1.50,1.50
2012.08.09 15:44:09.031,7.2831,7.2854,2.25,2.25
2012.08.09 15:44:09.150,7.28343,7.28474,1.50,1.50
2012.08.09 15:44:09.269,7.28319,7.28498,2.25,1.50
2012.08.09 15:44:09.387,7.28331,7.28442,1.50,1.50
2012.08.09 15:44:09.508,7.28307,7.28466,2.25,1.50
2012.08.09 15:44:09.573,7.28306,7.28534,2.25,2.25
2012.08.09 15:44:11.091,7.28334,7.28548,1.50,2.25
2012.08.09 15:44:11.417,7.28322,7.28481,2.25,1.50
2012.08.09 15:44:11.706,7.28305,7.28497,2.25,1.50
2012.08.09 15:44:11.770,7.28324,7.28483,1.50,1.50
2012.08.09 15:44:12.115,7.28362,7.28471,1.50,1.50
2012.08.09 15:44:12.178,7.28317,7.2854,2.25,2.25
2012.08.09 15:44:12.635,7.28336,7.28519,1.50,1.50
2012.08.09 15:44:12.987,7.28337,7.28476,1.50,1.50
2012.08.09 15:44:13.049,7.28317,7.28508,2.25,1.50
2012.08.09 15:44:13.112,7.28321,7.28478,2.25,1.50
2012.08.09 15:44:13.288,7.28306,7.28534,2.25,2.25
2012.08.09 15:44:13.839,7.28345,7.28454,1.50,1.50
2012.08.09 15:44:13.960,7.28319,7.28549,2.25,2.25
2012.08.09 15:44:14.137,7.28327,7.28523,1.50,1.50
2012.08.09 15:44:14.492,7.28316,7.28544,2.25,2.25
2012.08.09 15:44:14.613,7.28355,7.28464,1.50,1.50
2012.08.09 15:44:14.676,7.28353,7.28464,1.50,1.50
2012.08.09 15:44:14.795,7.2833,7.28487,1.50,1.50
2012.08.09 15:44:15.481,7.28344,7.28455,1.50,1.50
2012.08.09 15:44:15.662,7.28302,7.28532,2.25,2.25
2012.08.09 15:44:15.903,7.28335,7.28446,1.50,1.50
2012.08.09 15:44:16.025,7.28317,7.28469,2.25,1.50
2012.08.09 15:44:16.096,7.28317,7.28502,2.25,1.50
2012.08.09 15:44:16.160,7.28342,7.28453,1.50,1.50
2012.08.09 15:44:16.222,7.28304,7.28534,2.25,2.25
2012.08.09 15:44:16.341,7.28315,7.28502,2.25,1.50
2012.08.09 15:44:17.160,7.28335,7.28479,1.50,1.50
2012.08.09 15:44:17.223,7.28315,7.28543,2.25,2.25
2012.08.09 15:44:17.341,7.28352,7.28463,1.50,1.50
2012.08.09 15:44:17.460,7.28328,7.28487,1.50,1.50
2012.08.09 15:44:17.523,7.28313,7.28543,2.25,2.25
2012.08.09 15:44:17.586,7.28344,7.28455,1.50,1.50
2012.08.09 15:44:17.886,7.28325,7.28484,1.50,1.50
2012.08.09 15:44:17.949,7.2831,7.2854,2.25,2.25
2012.08.09 15:44:18.011,7.28321,7.28512,2.25,1.50
2012.08.09 15:44:18.360,7.2831,7.28535,2.25,2.25
2012.08.09 15:44:18.424,7.2835,7.28459,1.50,1.50
2012.08.09 15:44:18.545,7.28323,7.28513,2.25,1.50
2012.08.09 15:44:18.663,7.28345,7.28456,1.50,1.50
2012.08.09 15:44:18.894,7.28311,7.28539,2.25,2.25
2012.08.09 15:44:19.014,7.28322,7.28509,2.25,1.50
2012.08.09 15:44:19.194,7.28311,7.28534,2.25,2.25
2012.08.09 15:44:19.257,7.28326,7.28483,1.50,1.50
2012.08.09 15:44:19.805,7.28308,7.28538,2.25,2.25
2012.08.09 15:44:19.983,7.2834,7.2848,1.50,1.50
2012.08.09 15:44:20.102,7.28309,7.28539,2.25,2.25
2012.08.09 15:44:20.221,7.2835,7.28459,1.50,1.50
2012.08.09 15:44:20.342,7.28311,7.28539,2.25,2.25
2012.08.09 15:44:20.461,7.28348,7.28459,1.50,1.50
2012.08.09 15:44:20.580,7.2831,7.2854,2.25,2.25
2012.08.09 15:44:21.817,7.28296,7.28508,2.25,1.50
2012.08.09 15:44:25.537,7.28304,7.28518,2.25,1.50
2012.08.09 15:44:27.247,7.28301,7.28445,2.25,1.50
2012.08.09 15:44:27.477,7.28256,7.2847,2.25,1.50
2012.08.09 15:44:28.232,7.28263,7.28475,2.25,1.50
2012.08.09 15:44:28.899,7.28291,7.28467,2.25,1.50
2012.08.09 15:44:29.427,7.2828,7.28494,2.25,1.50
2012.08.09 15:44:29.491,7.28294,7.28506,2.25,1.50
2012.08.09 15:44:29.782,7.28308,7.28417,2.25,1.50
2012.08.09 15:44:30.592,7.28316,7.28425,2.25,1.50
2012.08.09 15:44:31.172,7.28327,7.28438,1.50,1.50
2012.08.09 15:44:31.293,7.28325,7.28436,2.25,1.50
2012.08.09 15:44:32.022,7.28321,7.2843,2.25,1.50
2012.08.09 15:44:32.887,7.28311,7.28422,2.25,1.50
2012.08.09 15:44:38.460,7.28321,7.28432,2.25,1.50
2012.08.09 15:44:39.360,7.28331,7.2844,1.50,1.50
2012.08.09 15:44:39.869,7.28323,7.28432,2.25,1.50
2012.08.09 15:44:40.668,7.28331,7.28442,1.50,1.50
2012.08.09 15:44:42.555,7.28323,7.28432,2.25,1.50
2012.08.09 15:44:42.710,7.28333,7.28442,1.50,1.50
2012.08.09 15:44:43.814,7.28323,7.28434,2.25,1.50
2012.08.09 15:44:47.007,7.28332,7.28441,1.50,1.50
2012.08.09 15:44:47.905,7.28309,7.28465,2.25,1.50
2012.08.09 15:44:47.968,7.28309,7.28514,2.25,1.50
2012.08.09 15:44:48.031,7.2834,7.28466,1.50,1.50
2012.08.09 15:44:48.374,7.28315,7.28479,2.25,1.50
2012.08.09 15:44:48.437,7.28327,7.28486,1.50,1.50
2012.08.09 15:44:48.499,7.28351,7.28462,1.50,1.50
2012.08.09 15:44:48.617,7.283,7.28503,2.25,1.50
2012.08.09 15:44:48.680,7.28328,7.28485,1.50,1.50
2012.08.09 15:44:48.855,7.28299,7.28504,2.25,1.50
2012.08.09 15:44:49.085,7.28299,7.28502,2.25,1.50
2012.08.09 15:44:49.512,7.28311,7.28486,2.25,1.50
2012.08.09 15:44:49.957,7.28299,7.28502,2.25,1.50
2012.08.09 15:44:50.028,7.28342,7.28471,1.50,1.50
2012.08.09 15:44:50.091,7.28292,7.28497,2.25,1.50
2012.08.09 15:44:50.211,7.28292,7.28495,2.25,1.50
2012.08.09 15:44:50.556,7.28342,7.28469,1.50,1.50
2012.08.09 15:44:50.620,7.28343,7.28472,1.50,1.50
2012.08.09 15:44:50.739,7.2832,7.28495,2.25,1.50
2012.08.09 15:44:50.911,7.28314,7.28491,2.25,1.50
2012.08.09 15:44:51.385,7.28314,7.28486,2.25,1.50
2012.08.09 15:44:51.686,7.28293,7.28498,2.25,1.50
2012.08.09 15:44:51.804,7.2834,7.28467,1.50,1.50
2012.08.09 15:44:51.921,7.28316,7.28491,2.25,1.50
2012.08.09 15:44:51.985,7.28294,7.28497,2.25,1.50
2012.08.09 15:44:52.047,7.28355,7.28464,1.50,1.50
2012.08.09 15:44:52.109,7.28293,7.28498,2.25,1.50
2012.08.09 15:44:52.227,7.28345,7.28474,1.50,1.50
2012.08.09 15:44:52.345,7.28294,7.28499,2.25,1.50
2012.08.09 15:44:52.463,7.28298,7.28503,2.25,1.50
2012.08.09 15:44:52.526,7.28329,7.28488,1.50,1.50
2012.08.09 15:44:52.867,7.28353,7.28464,1.50,1.50
2012.08.09 15:44:52.929,7.28298,7.28501,2.25,1.50
2012.08.09 15:44:52.991,7.28358,7.28469,1.50,1.50
2012.08.09 15:44:53.667,7.28352,7.28461,1.50,1.50
2012.08.09 15:44:53.786,7.28297,7.285,2.25,1.50
2012.08.09 15:44:53.903,7.28348,7.28457,1.50,1.50
2012.08.09 15:44:54.020,7.28296,7.28501,2.25,1.50
2012.08.09 15:44:54.138,7.28338,7.28479,1.50,1.50
2012.08.09 15:44:54.366,7.28296,7.28501,2.25,1.50
2012.08.09 15:44:54.428,7.28322,7.28497,2.25,1.50
2012.08.09 15:44:54.602,7.28296,7.28499,2.25,1.50
2012.08.09 15:44:54.665,7.2834,7.28467,1.50,1.50
2012.08.09 15:44:54.782,7.28329,7.2848,1.50,1.50
2012.08.09 15:44:54.900,7.28361,7.2847,1.50,1.50
2012.08.09 15:44:55.017,7.28319,7.28524,2.25,1.50
2012.08.09 15:44:55.134,7.28343,7.28454,1.50,1.50
2012.08.09 15:44:55.252,7.28326,7.28524,2.25,1.50
2012.08.09 15:44:55.369,7.28348,7.28457,1.50,1.50
2012.08.09 15:44:55.975,7.28353,7.28464,1.50,1.50
2012.08.09 15:44:56.043,7.28288,7.28491,2.25,1.50
2012.08.09 15:44:56.115,7.28356,7.28467,1.50,1.50
2012.08.09 15:44:56.235,7.28333,7.2849,1.50,1.50
2012.08.09 15:44:56.299,7.28316,7.28475,2.25,1.50
2012.08.09 15:44:56.472,7.28325,7.28523,2.25,1.50
2012.08.09 15:44:56.534,7.28325,7.28467,2.25,1.50
2012.08.09 15:44:56.653,7.28287,7.28492,2.25,1.50
2012.08.09 15:44:56.771,7.28293,7.28496,2.25,1.50
2012.08.09 15:44:56.832,7.28314,7.28491,2.25,1.50
2012.08.09 15:44:57.005,7.28292,7.28497,2.25,1.50
2012.08.09 15:44:57.067,7.28318,7.28493,2.25,1.50
2012.08.09 15:44:57.242,7.28295,7.285,2.25,1.50
2012.08.09 15:44:57.304,7.28348,7.285,1.50,1.50
2012.08.09 15:44:57.673,7.28321,7.2843,2.25,1.50
2012.08.09 15:44:58.249,7.28326,7.28435,2.25,1.50
2012.08.09 15:44:59.076,7.28342,7.28453,1.50,1.50
2012.08.09 15:44:59.308,7.2836,7.28455,1.50,1.50
2012.08.09 15:44:59.539,7.2832,7.28431,2.25,1.50
2012.08.09 15:45:00.750,7.28307,7.28418,2.25,1.50
2012.08.09 15:45:04.783,7.28308,7.28417,2.25,1.50
2012.08.09 15:45:10.881,7.28328,7.28439,1.50,1.50
2012.08.09 15:45:14.293,7.28338,7.28447,1.50,1.50
2012.08.09 15:45:15.368,7.2833,7.28439,1.50,1.50
2012.08.09 15:45:22.271,7.28321,7.28432,2.25,1.50
2012.08.09 15:45:24.336,7.28331,7.2844,1.50,1.50
2012.08.09 15:45:24.767,7.28321,7.28432,2.25,1.50
2012.08.09 15:45:26.119,7.28314,7.28423,2.25,1.50
2012.08.09 15:45:26.886,7.28322,7.28431,2.25,1.50
2012.08.09 15:45:29.199,7.28331,7.2844,1.50,1.50
2012.08.09 15:45:32.654,7.28321,7.28432,2.25,1.50
2012.08.09 15:45:33.220,7.28331,7.28442,1.50,1.50
2012.08.09 15:45:38.236,7.28324,7.28433,2.25,1.50
2012.08.09 15:45:39.378,7.28332,7.28441,1.50,1.50
2012.08.09 15:45:39.579,7.28322,7.28433,2.25,1.50
2012.08.09 15:45:44.124,7.2833,7.28441,1.50,1.50
2012.08.09 15:46:04.254,7.28327,7.28436,2.25,1.50
2012.08.09 15:46:05.489,7.28317,7.28428,2.25,1.50
2012.08.09 15:46:05.784,7.28283,7.28497,2.25,1.50
2012.08.09 15:46:06.361,7.28337,7.28448,1.50,1.50
2012.08.09 15:46:06.480,7.28322,7.28479,2.25,1.50
2012.08.09 15:46:06.601,7.28345,7.28456,1.50,1.50
2012.08.09 15:46:06.776,7.28299,7.28507,2.25,1.50
2012.08.09 15:46:06.952,7.28322,7.28481,2.25,1.50
2012.08.09 15:46:07.458,7.283,7.28514,2.25,1.50
2012.08.09 15:46:07.637,7.28325,7.28482,2.25,1.50
2012.08.09 15:46:07.981,7.28349,7.28458,1.50,1.50
2012.08.09 15:46:08.290,7.2834,7.28464,1.50,1.50
2012.08.09 15:46:09.045,7.28292,7.28506,2.25,1.50
2012.08.09 15:46:09.174,7.28286,7.285,2.25,1.50
2012.08.09 15:46:09.516,7.28332,7.28458,1.50,1.50
2012.08.09 15:46:09.692,7.28303,7.28477,2.25,1.50
2012.08.09 15:46:09.812,7.28331,7.28457,1.50,1.50
2012.08.09 15:46:09.930,7.28299,7.28506,2.25,1.50
2012.08.09 15:46:10.048,7.28284,7.28496,2.25,1.50
2012.08.09 15:46:10.167,7.28297,7.28506,2.25,1.50
2012.08.09 15:46:10.230,7.2833,7.28454,1.50,1.50
2012.08.09 15:46:10.348,7.28279,7.28491,2.25,1.50
2012.08.09 15:46:10.465,7.28308,7.28467,2.25,1.50
2012.08.09 15:46:10.640,7.28279,7.28491,2.25,1.50
2012.08.09 15:46:10.702,7.28304,7.28478,2.25,1.50
2012.08.09 15:46:10.876,7.28303,7.2851,2.25,1.50
2012.08.09 15:46:10.939,7.28306,7.28478,2.25,1.50
2012.08.09 15:46:11.057,7.28279,7.28491,2.25,1.50
2012.08.09 15:46:11.286,7.28329,7.28455,1.50,1.50
2012.08.09 15:46:11.404,7.28306,7.28478,2.25,1.50
2012.08.09 15:46:11.522,7.28323,7.28449,2.25,1.50
2012.08.09 15:46:11.884,7.28306,7.28478,2.25,1.50
2012.08.09 15:46:12.002,7.2833,7.28454,1.50,1.50
2012.08.09 15:46:12.120,7.28305,7.28462,2.25,1.50
2012.08.09 15:46:12.238,7.28329,7.28438,1.50,1.50
2012.08.09 15:46:12.356,7.28284,7.28496,2.25,1.50
2012.08.09 15:46:12.943,7.28312,7.28474,2.25,1.50
2012.08.09 15:46:13.231,7.28282,7.28496,2.25,1.50
2012.08.09 15:46:13.294,7.28329,7.28455,1.50,1.50
2012.08.09 15:46:13.411,7.28306,7.28478,2.25,1.50
2012.08.09 15:46:13.473,7.28279,7.28493,2.25,1.50
2012.08.09 15:46:13.535,7.2833,7.28439,1.50,1.50
2012.08.09 15:46:13.658,7.2828,7.28494,2.25,1.50
2012.08.09 15:46:13.721,7.28321,7.28447,2.25,1.50
2012.08.09 15:46:13.840,7.283,7.2847,2.25,1.50
2012.08.09 15:46:13.903,7.283,7.28507,2.25,1.50
2012.08.09 15:46:13.965,7.28329,7.2844,1.50,1.50
2012.08.09 15:46:14.083,7.28305,7.28464,2.25,1.50
2012.08.09 15:46:14.146,7.28277,7.28489,2.25,1.50
2012.08.09 15:46:14.210,7.28281,7.28493,2.25,1.50
2012.08.09 15:46:14.440,7.28327,7.28453,2.25,1.50
2012.08.09 15:46:14.781,7.28299,7.28508,2.25,1.50
2012.08.09 15:46:14.900,7.28332,7.28443,1.50,1.50
2012.08.09 15:46:15.018,7.28282,7.28496,2.25,1.50
2012.08.09 15:46:15.136,7.28327,7.28451,2.25,1.50
2012.08.09 15:46:15.328,7.28302,7.28476,2.25,1.50
2012.08.09 15:46:15.390,7.28306,7.28463,2.25,1.50
2012.08.09 15:46:15.509,7.28316,7.28473,2.25,1.50
2012.08.09 15:46:15.628,7.28331,7.28477,1.50,1.50
2012.08.09 15:46:15.746,7.28296,7.28468,2.25,1.50
2012.08.09 15:46:16.087,7.2829,7.28497,2.25,1.50
2012.08.09 15:46:16.205,7.2831,7.28467,2.25,1.50
2012.08.09 15:46:16.498,7.28289,7.28498,2.25,1.50
2012.08.09 15:46:16.561,7.28307,7.28464,2.25,1.50
2012.08.09 15:46:16.679,7.28298,7.28489,2.25,1.50
2012.08.09 15:46:16.798,7.28298,7.28496,2.25,1.50
2012.08.09 15:46:17.633,7.28315,7.28439,2.25,1.50
2012.08.09 15:46:19.762,7.28283,7.28495,2.25,1.50
2012.08.09 15:46:19.883,7.28344,7.28453,1.50,1.50
2012.08.09 15:46:20.057,7.28319,7.28478,2.25,1.50
2012.08.09 15:46:20.121,7.28289,7.28497,2.25,1.50
2012.08.09 15:46:20.367,7.28321,7.28478,2.25,1.50
2012.08.09 15:46:20.708,7.28345,7.28454,1.50,1.50
2012.08.09 15:46:20.942,7.28329,7.28455,1.50,1.50
2012.08.09 15:46:21.058,7.28177,7.28702,1.13,1.35
2012.08.09 15:46:21.118,7.28301,7.2852,2.25,1.50
2012.08.09 15:46:21.294,7.28274,7.28543,2.25,1.50
2012.08.09 15:46:21.356,7.28296,7.28515,2.25,1.50
2012.08.09 15:46:21.533,7.28261,7.28535,2.25,1.50
2012.08.09 15:46:21.595,7.28283,7.28517,2.25,1.50
2012.08.09 15:46:21.768,7.28261,7.28535,2.25,1.50
2012.08.09 15:46:21.830,7.28276,7.28543,2.25,1.50
2012.08.09 15:46:21.948,7.28288,7.28523,2.25,1.50
2012.08.09 15:46:22.067,7.28274,7.28501,2.25,1.50
2012.08.09 15:46:22.507,7.28314,7.28473,2.25,1.50
2012.08.09 15:46:22.574,7.28307,7.28507,2.25,1.50
2012.08.09 15:46:22.636,7.28307,7.28464,2.25,1.50
2012.08.09 15:46:22.754,7.28289,7.28498,2.25,1.50
2012.08.09 15:46:22.816,7.28339,7.28448,1.50,1.50
2012.08.09 15:46:22.878,7.28327,7.28453,2.25,1.50
2012.08.09 15:46:22.998,7.28303,7.28477,2.25,1.50
2012.08.09 15:46:23.115,7.28301,7.28471,2.25,1.50
2012.08.09 15:46:23.458,7.28322,7.28446,2.25,1.50
2012.08.09 15:46:23.521,7.28288,7.28497,2.25,1.50
2012.08.09 15:46:23.583,7.283,7.28474,2.25,1.50
2012.08.09 15:46:23.756,7.28293,7.285,2.25,1.50
2012.08.09 15:46:23.818,7.28325,7.28434,2.25,1.50
2012.08.09 15:46:23.935,7.28275,7.28487,2.25,1.50
2012.08.09 15:46:24.053,7.28326,7.2845,2.25,1.50
2012.08.09 15:46:24.175,7.28299,7.28508,2.25,1.50
2012.08.09 15:46:24.516,7.28317,7.28443,2.25,1.50
2012.08.09 15:46:24.690,7.28295,7.28469,2.25,1.50
2012.08.09 15:46:24.752,7.2827,7.28484,2.25,1.50
2012.08.09 15:46:24.870,7.28288,7.28462,2.25,1.50
2012.08.09 15:46:26.291,7.28312,7.28438,2.25,1.50
2012.08.09 15:46:27.084,7.28295,7.28504,2.25,1.50
2012.08.09 15:46:27.146,7.28313,7.2847,2.25,1.50
2012.08.09 15:46:27.432,7.28288,7.28495,2.25,1.50
2012.08.09 15:46:27.495,7.28295,7.28467,2.25,1.50
2012.08.09 15:46:28.209,7.28332,7.28458,1.50,1.50
2012.08.09 15:46:28.614,7.28338,7.28496,1.50,1.50
2012.08.09 15:46:28.731,7.2832,7.28446,2.25,1.50
2012.08.09 15:46:28.850,7.28296,7.2847,2.25,1.50
2012.08.09 15:46:28.912,7.28296,7.28468,2.25,1.50
2012.08.09 15:46:29.029,7.28293,7.28502,2.25,1.50
2012.08.09 15:46:29.159,7.28297,7.28504,2.25,1.50
2012.08.09 15:46:29.332,7.28296,7.28468,2.25,1.50
2012.08.09 15:46:29.561,7.28278,7.28492,2.25,1.50
2012.08.09 15:46:29.678,7.28325,7.28449,2.25,1.50
2012.08.09 15:46:29.795,7.28274,7.28488,2.25,1.50
2012.08.09 15:46:29.912,7.28319,7.28445,2.25,1.50
2012.08.09 15:46:30.141,7.28298,7.28507,2.25,1.50
2012.08.09 15:46:30.258,7.28279,7.28491,2.25,1.50
2012.08.09 15:46:30.588,7.28328,7.28452,2.25,1.50
2012.08.09 15:46:30.908,7.28319,7.28443,2.25,1.50
2012.08.09 15:46:31.080,7.28293,7.28467,2.25,1.50
2012.08.09 15:46:31.196,7.28317,7.28443,2.25,1.50
2012.08.09 15:46:31.314,7.28336,7.28486,1.50,1.50
2012.08.09 15:46:31.431,7.28319,7.28445,2.25,1.50
2012.08.09 15:46:31.548,7.28277,7.28491,2.25,1.50
2012.08.09 15:46:31.665,7.28323,7.28449,2.25,1.50
2012.08.09 15:46:31.782,7.28297,7.28506,2.25,1.50
2012.08.09 15:46:31.900,7.28327,7.28438,2.25,1.50
2012.08.09 15:46:32.018,7.28272,7.28486,2.25,1.50
2012.08.09 15:46:32.135,7.28328,7.28454,2.25,1.50
2012.08.09 15:46:32.254,7.28281,7.28488,2.25,1.50
2012.08.09 15:46:32.371,7.28306,7.28457,2.25,1.50
2012.08.09 15:46:32.488,7.28289,7.28481,2.25,1.50
2012.08.09 15:46:32.605,7.28324,7.28448,2.25,1.50
2012.08.09 15:46:32.721,7.283,7.28472,2.25,1.50
2012.08.09 15:46:32.783,7.28288,7.28497,2.25,1.50
2012.08.09 15:46:32.845,7.28317,7.28443,2.25,1.50
2012.08.09 15:46:32.962,7.28294,7.28466,2.25,1.50
2012.08.09 15:46:33.024,7.28278,7.2849,2.25,1.50
2012.08.09 15:46:33.086,7.28319,7.28445,2.25,1.50
2012.08.09 15:46:33.212,7.28295,7.28469,2.25,1.50
2012.08.09 15:46:33.274,7.28277,7.28491,2.25,1.50
2012.08.09 15:46:33.336,7.28318,7.28444,2.25,1.50
2012.08.09 15:46:33.454,7.28277,7.28491,2.25,1.50
2012.08.09 15:46:33.571,7.28318,7.28444,2.25,1.50
2012.08.09 15:46:33.688,7.28323,7.28449,2.25,1.50
2012.08.09 15:46:34.127,7.28319,7.28445,2.25,1.50
2012.08.09 15:46:34.190,7.28296,7.28468,2.25,1.50
2012.08.09 15:46:34.252,7.2832,7.28444,2.25,1.50
2012.08.09 15:46:34.372,7.28296,7.28468,2.25,1.50
2012.08.09 15:46:34.491,7.28324,7.2845,2.25,1.50
2012.08.09 15:46:34.608,7.28279,7.28491,2.25,1.50
2012.08.09 15:46:34.726,7.28298,7.28505,2.25,1.50
2012.08.09 15:46:34.845,7.28298,7.28489,2.25,1.50
2012.08.09 15:46:35.186,7.28341,7.28472,1.50,1.50
2012.08.09 15:46:35.359,7.28301,7.28472,2.25,1.50
2012.08.09 15:46:35.421,7.28317,7.28508,2.25,1.50
2012.08.09 15:46:35.484,7.28322,7.28448,2.25,1.50
2012.08.09 15:46:35.603,7.28298,7.28472,2.25,1.50
2012.08.09 15:46:35.665,7.28282,7.28494,2.25,1.50
2012.08.09 15:46:35.728,7.28328,7.28452,2.25,1.50
2012.08.09 15:46:35.789,7.28304,7.28476,2.25,1.50
2012.08.09 15:46:35.852,7.28275,7.28489,2.25,1.50
2012.08.09 15:46:35.914,7.28324,7.2845,2.25,1.50
2012.08.09 15:46:36.032,7.283,7.28474,2.25,1.50
2012.08.09 15:46:36.094,7.28276,7.28484,2.25,1.50
2012.08.09 15:46:36.156,7.28287,7.28494,2.25,1.50
2012.08.09 15:46:36.273,7.28298,7.28505,2.25,1.50
2012.08.09 15:46:36.446,7.2829,7.28497,2.25,1.50
2012.08.09 15:46:38.837,7.28297,7.28506,2.25,1.50
2012.08.09 15:46:39.827,7.28288,7.28497,2.25,1.50
2012.08.09 15:46:39.943,7.28296,7.28505,2.25,1.50
2012.08.09 15:46:40.387,7.28287,7.28494,2.25,1.50
2012.08.09 15:46:40.501,7.28295,7.28504,2.25,1.50
2012.08.09 15:46:41.018,7.28288,7.28495,2.25,1.50
2012.08.09 15:46:41.137,7.28296,7.28503,2.25,1.50
2012.08.09 15:46:41.785,7.28288,7.28495,2.25,1.50
2012.08.09 15:46:42.885,7.28296,7.28505,2.25,1.50
2012.08.09 15:46:44.036,7.28293,7.28502,2.25,1.50
2012.08.09 15:46:44.226,7.28304,7.28511,2.25,1.50
2012.08.09 15:46:44.363,7.28293,7.285,2.25,1.50
2012.08.09 15:46:45.684,7.28303,7.2851,2.25,1.50
2012.08.09 15:46:48.055,7.28291,7.285,2.25,1.50
2012.08.09 15:46:48.687,7.28295,7.28502,2.25,1.50
2012.08.09 15:46:52.580,7.28289,7.28498,2.25,1.50
2012.08.09 15:46:53.030,7.28299,7.28506,2.25,1.50
2012.08.09 15:46:53.970,7.28299,7.28508,2.25,1.50
