2014.06.10 12:00:00.298,8.08957,8.09018,1.19,1.00
2014.06.10 12:00:01.131,8.08957,8.09016,1.19,1.00
2014.06.10 12:00:01.453,8.08957,8.09022,1.19,1.00
2014.06.10 12:00:01.541,8.08957,8.09021,1.19,1.00
2014.06.10 12:00:02.346,8.08957,8.09027,1.19,1.00
2014.06.10 12:00:04.364,8.08964,8.09028,1.19,1.00
2014.06.10 12:00:05.603,8.08957,8.09028,1.19,1.00
2014.06.10 12:00:06.395,8.08957,8.09036,1.19,1.00
2014.06.10 12:00:07.395,8.08957,8.09036,1.19,1.00
2014.06.10 12:00:08.401,8.08957,8.09036,1.19,1.00
2014.06.10 12:00:09.390,8.08957,8.09036,1.19,1.00
2014.06.10 12:00:09.645,8.08967,8.09086,1.00,1.00
2014.06.10 12:00:09.696,8.08967,8.09086,1.19,1.00
2014.06.10 12:00:09.848,8.08985,8.09116,2.29,1.00
2014.06.10 12:00:09.899,8.08996,8.09116,1.79,1.00
2014.06.10 12:00:10.203,8.09012,8.09116,1.19,1.00
2014.06.10 12:00:10.629,8.09035,8.09116,1.00,1.00
2014.06.10 12:00:10.681,8.09035,8.09146,1.19,1.00
2014.06.10 12:00:10.833,8.09035,8.09156,1.19,1.00
2014.06.10 12:00:11.086,8.09045,8.09176,1.19,1.00
2014.06.10 12:00:11.339,8.09045,8.09176,1.19,1.00
2014.06.10 12:00:11.389,8.09045,8.09196,1.19,1.00
2014.06.10 12:00:11.642,8.09045,8.09176,1.19,1.00
2014.06.10 12:00:11.973,8.09052,8.09196,1.19,1.00
2014.06.10 12:00:12.074,8.09052,8.09206,1.19,1.19
2014.06.10 12:00:12.383,8.09052,8.09196,1.19,1.00
2014.06.10 12:00:12.627,8.09061,8.09216,1.19,1.19
2014.06.10 12:00:12.728,8.09061,8.09216,1.19,1.00
2014.06.10 12:00:13.175,8.09061,8.09206,1.19,1.00
2014.06.10 12:00:13.913,8.09061,8.09206,1.19,1.00
2014.06.10 12:00:14.174,8.0907,8.09226,1.19,1.19
2014.06.10 12:00:14.276,8.09079,8.09226,1.00,1.19
2014.06.10 12:00:14.377,8.0907,8.09216,1.19,1.19
2014.06.10 12:00:15.021,8.09054,8.09216,1.19,1.19
2014.06.10 12:00:16.358,8.09058,8.09246,2.29,1.19
2014.06.10 12:00:16.560,8.09091,8.09246,1.00,1.19
2014.06.10 12:00:16.873,8.09048,8.09197,1.19,1.00
2014.06.10 12:00:17.181,8.09018,8.09186,1.19,1.19
2014.06.10 12:00:17.622,8.09006,8.09176,1.19,1.00
2014.06.10 12:00:17.723,8.08988,8.09176,1.19,1.19
2014.06.10 12:00:19.710,8.08987,8.09156,1.19,1.19
2014.06.10 12:00:20.704,8.08987,8.09156,1.19,1.69
2014.06.10 12:00:21.178,8.08987,8.09116,1.19,1.00
2014.06.10 12:00:21.385,8.08976,8.09126,1.19,1.00
2014.06.10 12:00:21.639,8.08976,8.09116,1.19,1.00
2014.06.10 12:00:22.525,8.08976,8.09116,1.19,1.00
2014.06.10 12:00:22.829,8.08976,8.09136,1.19,1.19
2014.06.10 12:00:23.522,8.08976,8.09136,1.19,1.19
2014.06.10 12:00:24.529,8.08976,8.09136,1.19,1.19
2014.06.10 12:00:24.831,8.08976,8.09126,1.19,1.00
2014.06.10 12:00:25.135,8.09003,8.09136,1.00,1.19
2014.06.10 12:00:25.185,8.08983,8.09136,1.19,1.19
2014.06.10 12:00:25.444,8.08978,8.09126,1.19,1.00
2014.06.10 12:00:26.149,8.08978,8.09146,1.19,1.19
2014.06.10 12:00:28.123,8.08971,8.09137,1.19,1.19
2014.06.10 12:00:31.144,8.08971,8.09146,1.19,1.19
2014.06.10 12:00:31.399,8.08992,8.09183,1.19,1.19
2014.06.10 12:00:32.487,8.09008,8.09166,1.19,1.00
2014.06.10 12:00:32.588,8.09008,8.09176,1.19,1.19
2014.06.10 12:00:33.503,8.09019,8.09206,1.19,1.19
2014.06.10 12:00:34.502,8.09021,8.09216,1.19,1.19
2014.06.10 12:00:35.490,8.09028,8.09221,1.19,1.19
2014.06.10 12:00:36.491,8.0904,8.09221,1.19,1.19
2014.06.10 12:00:38.451,8.0904,8.09221,1.19,1.19
2014.06.10 12:00:39.456,8.0904,8.09221,1.19,1.19
2014.06.10 12:00:40.497,8.0904,8.09221,1.19,1.19
2014.06.10 12:00:42.493,8.0904,8.09221,1.19,1.19
2014.06.10 12:00:45.129,8.0904,8.09221,1.19,1.19
2014.06.10 12:00:46.221,8.09037,8.09221,1.19,1.19
2014.06.10 12:00:47.199,8.09037,8.09221,1.19,1.19
2014.06.10 12:00:49.254,8.09037,8.09221,1.19,1.19
2014.06.10 12:00:53.307,8.09037,8.09221,1.19,1.19
2014.06.10 12:00:54.312,8.09037,8.09221,1.19,1.19
2014.06.10 12:00:55.360,8.09037,8.09221,1.19,1.19
2014.06.10 12:00:56.326,8.09037,8.09221,1.19,1.19
2014.06.10 12:00:57.765,8.09045,8.09221,1.19,1.19
2014.06.10 12:00:58.769,8.09038,8.09221,1.19,1.19
2014.06.10 12:00:59.750,8.09038,8.09221,1.19,1.19
2014.06.10 12:01:00.368,8.09038,8.09187,1.00,1.19
2014.06.10 12:01:00.419,8.08991,8.09187,1.19,1.19
2014.06.10 12:01:00.470,8.08991,8.09186,1.00,1.69
2014.06.10 12:01:00.521,8.08974,8.09184,1.19,1.19
2014.06.10 12:01:00.572,8.09029,8.09184,1.00,1.19
2014.06.10 12:01:00.875,8.09029,8.09186,1.19,1.19
2014.06.10 12:01:01.679,8.0903,8.09166,1.19,1.00
2014.06.10 12:01:01.983,8.0903,8.09136,1.19,1.00
2014.06.10 12:01:02.295,8.09038,8.09126,1.19,1.00
2014.06.10 12:01:02.602,8.09038,8.09146,1.19,1.00
2014.06.10 12:01:02.653,8.09045,8.09146,1.19,1.00
2014.06.10 12:01:03.328,8.09045,8.09156,1.19,1.00
2014.06.10 12:01:03.480,8.09002,8.09156,1.19,1.00
2014.06.10 12:01:03.581,8.09002,8.09146,1.19,1.00
2014.06.10 12:01:03.784,8.08991,8.09146,1.19,1.00
2014.06.10 12:01:03.885,8.08991,8.09186,1.19,1.19
2014.06.10 12:01:04.755,8.08991,8.09182,1.19,1.19
2014.06.10 12:01:04.957,8.08983,8.09156,1.19,1.00
2014.06.10 12:01:05.129,8.08983,8.09146,1.19,1.00
2014.06.10 12:01:05.523,8.08983,8.09146,1.19,1.19
2014.06.10 12:01:07.005,8.08983,8.09136,1.19,1.19
2014.06.10 12:01:08.009,8.08983,8.09136,1.19,1.19
2014.06.10 12:01:08.973,8.08983,8.09136,1.19,1.19
2014.06.10 12:01:10.201,8.08991,8.09176,1.19,1.69
2014.06.10 12:01:11.224,8.08991,8.09176,1.19,1.19
2014.06.10 12:01:12.193,8.08991,8.09176,1.19,1.69
2014.06.10 12:01:13.233,8.08991,8.09166,1.19,1.19
2014.06.10 12:01:14.220,8.08991,8.09166,1.19,1.19
2014.06.10 12:01:15.212,8.08991,8.09176,1.19,1.19
2014.06.10 12:01:16.257,8.08991,8.09176,1.19,1.19
2014.06.10 12:01:20.241,8.08991,8.09176,1.19,1.19
2014.06.10 12:01:22.254,8.08991,8.09176,1.19,1.19
2014.06.10 12:01:24.237,8.08991,8.09176,1.19,1.19
2014.06.10 12:01:25.270,8.08991,8.09176,1.19,1.19
2014.06.10 12:01:28.263,8.08991,8.09166,1.19,1.19
2014.06.10 12:01:29.270,8.08991,8.09166,1.19,1.19
2014.06.10 12:01:30.276,8.0899,8.09166,1.19,1.19
2014.06.10 12:01:35.274,8.0899,8.09166,1.19,1.19
2014.06.10 12:01:38.287,8.0899,8.09166,1.19,1.19
2014.06.10 12:01:39.292,8.0899,8.09166,1.19,1.19
2014.06.10 12:01:40.299,8.0899,8.09166,1.19,1.19
2014.06.10 12:01:41.304,8.0899,8.09166,1.19,1.19
2014.06.10 12:01:42.328,8.0899,8.09166,1.19,1.19
2014.06.10 12:01:46.375,8.0899,8.09166,1.19,1.19
2014.06.10 12:01:48.341,8.0899,8.09166,1.19,1.19
2014.06.10 12:01:50.316,8.08993,8.09166,1.19,1.19
2014.06.10 12:01:51.128,8.08993,8.09146,1.25,1.19
2014.06.10 12:01:52.169,8.08986,8.09146,1.19,1.19
2014.06.10 12:01:54.138,8.08986,8.09156,1.19,1.19
2014.06.10 12:01:55.159,8.08986,8.09156,1.19,1.19
2014.06.10 12:01:56.171,8.08986,8.09146,1.19,1.19
2014.06.10 12:01:57.168,8.08966,8.09146,1.19,1.19
2014.06.10 12:01:57.269,8.08956,8.09146,1.19,1.19
2014.06.10 12:01:57.808,8.08956,8.09106,1.19,1.00
2014.06.10 12:01:58.113,8.08956,8.09076,1.19,1.00
2014.06.10 12:01:58.267,8.08956,8.09076,1.19,1.00
2014.06.10 12:01:59.311,8.08956,8.09076,1.19,1.00
2014.06.10 12:02:00.239,8.08956,8.09076,1.19,1.00
2014.06.10 12:02:01.246,8.08956,8.09076,1.19,1.00
2014.06.10 12:02:03.258,8.08956,8.09076,1.19,1.00
2014.06.10 12:02:07.133,8.08963,8.09057,1.19,1.00
2014.06.10 12:02:07.450,8.08955,8.0902,1.19,1.00
2014.06.10 12:02:07.582,8.08955,8.09026,1.19,1.00
2014.06.10 12:02:07.935,8.08941,8.09036,1.19,1.00
2014.06.10 12:02:08.717,8.08941,8.09036,1.19,1.00
2014.06.10 12:02:10.689,8.08941,8.09036,1.19,1.00
2014.06.10 12:02:11.697,8.08941,8.09036,1.19,1.00
2014.06.10 12:02:12.702,8.08941,8.09036,1.19,1.00
2014.06.10 12:02:13.714,8.08941,8.09036,1.19,1.00
2014.06.10 12:02:14.724,8.08941,8.09036,1.19,1.00
2014.06.10 12:02:17.736,8.08941,8.09036,1.19,1.00
2014.06.10 12:02:18.775,8.08941,8.09036,1.19,1.00
2014.06.10 12:02:23.699,8.08941,8.09036,1.19,1.00
2014.06.10 12:02:27.328,8.08941,8.09036,1.00,1.00
2014.06.10 12:02:27.778,8.08939,8.09036,1.00,1.00
2014.06.10 12:02:28.405,8.08939,8.09036,1.19,1.00
2014.06.10 12:02:29.411,8.08939,8.09036,1.19,1.00
2014.06.10 12:02:30.425,8.08939,8.09036,1.25,1.00
2014.06.10 12:02:33.843,8.08939,8.09001,1.00,1.00
2014.06.10 12:02:38.789,8.08939,8.09026,1.00,1.00
2014.06.10 12:02:39.075,8.08939,8.09026,1.19,1.00
2014.06.10 12:02:39.387,8.08948,8.09016,1.00,1.00
2014.06.10 12:02:39.590,8.08961,8.09046,1.00,1.00
2014.06.10 12:02:39.641,8.08954,8.09046,1.50,1.00
2014.06.10 12:02:40.340,8.08954,8.09046,1.69,1.00
2014.06.10 12:02:41.347,8.08954,8.09046,1.69,1.00
2014.06.10 12:02:41.540,8.08954,8.09056,1.69,1.00
2014.06.10 12:02:42.352,8.08954,8.09056,1.69,1.00
2014.06.10 12:02:43.091,8.08954,8.09066,1.69,1.00
2014.06.10 12:02:44.377,8.08954,8.09066,1.69,1.00
2014.06.10 12:02:47.442,8.08954,8.09066,1.69,1.00
2014.06.10 12:02:48.401,8.08954,8.09106,1.69,1.00
2014.06.10 12:02:48.452,8.08954,8.09106,1.69,1.00
2014.06.10 12:02:49.500,8.08954,8.09106,1.69,1.00
2014.06.10 12:02:50.146,8.08954,8.09086,1.19,1.00
2014.06.10 12:02:51.108,8.08936,8.09086,1.19,1.00
2014.06.10 12:02:52.070,8.08936,8.09086,1.19,1.00
2014.06.10 12:02:52.580,8.08954,8.09066,1.19,1.00
2014.06.10 12:02:52.883,8.0896,8.09076,1.19,1.00
2014.06.10 12:02:53.578,8.08954,8.09076,1.19,1.00
2014.06.10 12:02:54.079,8.0896,8.09066,1.19,1.00
2014.06.10 12:02:54.607,8.0896,8.09066,1.19,1.00
2014.06.10 12:02:55.069,8.0896,8.09096,1.19,1.00
2014.06.10 12:02:56.086,8.08974,8.09116,1.19,1.00
2014.06.10 12:02:56.391,8.08974,8.09086,1.19,1.00
2014.06.10 12:02:57.241,8.08974,8.09086,1.19,1.00
2014.06.10 12:02:57.692,8.08974,8.09096,1.19,1.00
2014.06.10 12:02:58.481,8.08974,8.09096,1.19,1.00
2014.06.10 12:02:59.150,8.08974,8.09096,1.19,1.00
2014.06.10 12:02:59.338,8.08974,8.09086,1.19,1.00
2014.06.10 12:02:59.529,8.08959,8.09126,1.19,1.19
2014.06.10 12:03:00.188,8.08959,8.09136,1.19,1.19
2014.06.10 12:03:01.207,8.08959,8.09136,1.19,1.19
2014.06.10 12:03:02.194,8.08959,8.09136,1.19,1.19
2014.06.10 12:03:03.169,8.0896,8.09136,1.19,1.19
2014.06.10 12:03:04.175,8.08967,8.09136,1.19,1.19
2014.06.10 12:03:05.180,8.08967,8.09136,1.19,1.19
2014.06.10 12:03:06.167,8.08967,8.09116,1.19,1.00
2014.06.10 12:03:06.518,8.08967,8.09116,1.19,1.00
2014.06.10 12:03:07.199,8.08967,8.09116,1.19,1.00
2014.06.10 12:03:08.266,8.08967,8.09116,1.19,1.00
2014.06.10 12:03:09.141,8.08967,8.09116,1.19,1.00
2014.06.10 12:03:10.285,8.08967,8.09116,1.19,1.00
2014.06.10 12:03:11.110,8.08967,8.09126,1.19,1.19
2014.06.10 12:03:11.161,8.08967,8.09126,1.19,1.00
2014.06.10 12:03:12.158,8.08967,8.09126,1.19,1.00
2014.06.10 12:03:13.197,8.08967,8.09126,1.19,1.00
2014.06.10 12:03:14.169,8.08967,8.09126,1.19,1.25
2014.06.10 12:03:15.883,8.0898,8.09146,1.19,1.19
2014.06.10 12:03:17.898,8.08982,8.09146,1.19,1.19
2014.06.10 12:03:18.890,8.08978,8.09146,1.19,1.19
2014.06.10 12:03:19.866,8.08983,8.09156,1.19,1.19
2014.06.10 12:03:20.872,8.08985,8.09156,1.19,1.19
2014.06.10 12:03:21.131,8.08985,8.09146,1.19,1.00
2014.06.10 12:03:21.880,8.0898,8.09146,1.19,1.19
2014.06.10 12:03:22.327,8.0898,8.09136,1.19,1.00
2014.06.10 12:03:22.900,8.08975,8.09136,1.19,1.00
2014.06.10 12:03:24.941,8.08974,8.09136,1.69,1.25
2014.06.10 12:03:25.933,8.08974,8.09147,1.19,1.19
2014.06.10 12:03:26.930,8.08974,8.09147,1.19,1.19
2014.06.10 12:03:29.946,8.08974,8.09147,1.19,1.19
2014.06.10 12:03:31.020,8.08974,8.09147,1.19,1.19
2014.06.10 12:03:32.227,8.08974,8.09146,1.19,1.19
2014.06.10 12:03:33.437,8.08966,8.09136,1.19,1.19
2014.06.10 12:03:34.869,8.08965,8.09136,1.19,1.19
2014.06.10 12:03:36.160,8.08941,8.09126,1.19,1.19
2014.06.10 12:03:37.348,8.0894,8.09126,1.19,1.19
2014.06.10 12:03:39.857,8.08957,8.09136,1.19,2.44
2014.06.10 12:03:42.693,8.08959,8.09136,1.19,2.44
2014.06.10 12:03:46.588,8.08961,8.09106,1.19,1.00
2014.06.10 12:03:47.775,8.08953,8.09106,1.19,1.00
2014.06.10 12:03:48.883,8.0895,8.09106,1.19,1.00
2014.06.10 12:03:49.932,8.08949,8.09106,1.69,1.00
2014.06.10 12:03:51.334,8.08954,8.09106,1.19,1.00
2014.06.10 12:03:53.376,8.08957,8.09106,1.19,1.00
2014.06.10 12:03:55.988,8.08951,8.09106,1.19,1.00
2014.06.10 12:03:58.737,8.08949,8.09106,2.44,1.00
2014.06.10 12:04:00.617,8.08957,8.09106,1.19,1.00
2014.06.10 12:04:02.666,8.08957,8.09106,1.19,1.00
2014.06.10 12:04:06.119,8.08957,8.09106,1.19,1.00
2014.06.10 12:04:07.226,8.08957,8.09106,1.19,1.00
2014.06.10 12:04:10.192,8.08962,8.09106,1.19,1.00
2014.06.10 12:04:12.659,8.08957,8.09106,1.69,1.00
2014.06.10 12:04:15.183,8.08959,8.09106,1.19,1.00
2014.06.10 12:04:15.827,8.08959,8.09116,1.19,1.00
2014.06.10 12:04:16.856,8.08965,8.09116,1.19,1.00
2014.06.10 12:04:20.169,8.08966,8.09116,1.19,1.00
2014.06.10 12:04:22.568,8.08966,8.09136,1.19,1.69
2014.06.10 12:04:22.619,8.08968,8.09136,1.19,1.69
2014.06.10 12:04:25.690,8.08971,8.09136,1.19,1.69
2014.06.10 12:04:27.500,8.08964,8.09136,1.19,1.69
2014.06.10 12:04:30.109,8.08965,8.09136,1.19,1.69
2014.06.10 12:04:31.376,8.08965,8.09117,1.19,1.00
2014.06.10 12:04:31.686,8.08958,8.09106,1.19,1.00
2014.06.10 12:04:32.109,8.08958,8.09096,1.19,1.00
2014.06.10 12:04:32.295,8.08943,8.09096,1.19,1.00
2014.06.10 12:04:32.347,8.08943,8.09126,1.19,1.69
2014.06.10 12:04:33.325,8.08955,8.09126,1.19,1.19
2014.06.10 12:04:35.008,8.08961,8.09126,1.19,1.19
2014.06.10 12:04:38.527,8.08953,8.09126,1.19,1.19
2014.06.10 12:04:40.132,8.08954,8.09126,1.19,1.19
2014.06.10 12:04:43.578,8.08952,8.09126,1.19,1.19
2014.06.10 12:04:43.679,8.08932,8.09066,1.19,1.00
2014.06.10 12:04:44.005,8.08909,8.09036,1.19,1.00
2014.06.10 12:04:44.319,8.08909,8.09016,1.19,1.00
2014.06.10 12:04:44.831,8.08892,8.09016,1.19,1.00
2014.06.10 12:04:46.035,8.08885,8.09016,1.19,1.00
2014.06.10 12:04:47.042,8.08883,8.09016,1.19,1.00
2014.06.10 12:04:48.375,8.08883,8.09016,1.19,1.00
2014.06.10 12:04:49.508,8.08883,8.09016,1.19,1.00
2014.06.10 12:04:49.900,8.08883,8.08976,1.19,1.00
2014.06.10 12:04:50.238,8.08883,8.08955,1.19,1.00
2014.06.10 12:04:50.341,8.08883,8.08966,1.19,1.00
2014.06.10 12:04:50.648,8.08883,8.08949,1.19,1.00
2014.06.10 12:04:51.475,8.08883,8.08948,1.19,1.00
2014.06.10 12:04:51.908,8.08883,8.08963,1.19,1.00
2014.06.10 12:04:52.086,8.08883,8.08946,1.19,1.00
2014.06.10 12:04:53.192,8.08883,8.08946,1.19,1.00
2014.06.10 12:04:54.232,8.08883,8.08946,1.19,1.00
2014.06.10 12:04:54.508,8.08883,8.08957,1.19,1.00
2014.06.10 12:04:55.860,8.08883,8.08957,1.19,1.00
2014.06.10 12:04:57.083,8.08883,8.08957,1.19,1.00
2014.06.10 12:04:57.581,8.08883,8.08976,1.19,1.00
2014.06.10 12:04:58.382,8.0889,8.08976,1.19,1.00
2014.06.10 12:04:59.727,8.08884,8.08976,1.19,1.00
2014.06.10 12:04:59.997,8.08884,8.08986,1.19,1.00
2014.06.10 12:05:00.905,8.08883,8.08986,1.19,1.00
2014.06.10 12:05:03.820,8.08883,8.08986,1.19,1.00
2014.06.10 12:05:06.000,8.0888,8.08986,1.19,1.00
2014.06.10 12:05:08.116,8.0888,8.08986,1.19,1.00
2014.06.10 12:05:09.263,8.0888,8.08986,1.19,1.00
2014.06.10 12:05:09.962,8.0888,8.08986,1.19,1.00
2014.06.10 12:05:11.550,8.0888,8.08986,1.19,1.00
2014.06.10 12:05:15.030,8.0888,8.08986,1.19,1.00
2014.06.10 12:05:18.192,8.0888,8.08986,1.19,1.00
2014.06.10 12:05:19.789,8.0888,8.09006,1.19,1.00
2014.06.10 12:05:19.891,8.0888,8.09006,1.19,1.00
2014.06.10 12:05:21.066,8.0888,8.09006,1.19,1.00
2014.06.10 12:05:22.919,8.0888,8.09006,1.19,1.00
2014.06.10 12:05:23.784,8.0888,8.09006,1.19,1.00
2014.06.10 12:05:25.358,8.08879,8.09006,1.19,1.00
2014.06.10 12:05:26.371,8.08879,8.08996,1.19,1.00
2014.06.10 12:05:28.679,8.08879,8.08996,1.19,1.00
2014.06.10 12:05:29.900,8.08879,8.08996,1.19,1.00
2014.06.10 12:05:31.293,8.08879,8.08996,1.19,1.00
2014.06.10 12:05:32.303,8.08879,8.08996,1.19,1.00
2014.06.10 12:05:34.327,8.08879,8.09046,1.19,1.19
2014.06.10 12:05:34.530,8.08897,8.09046,1.19,1.00
2014.06.10 12:05:34.632,8.08918,8.09066,2.29,1.69
2014.06.10 12:05:34.683,8.08924,8.09066,2.29,1.50
2014.06.10 12:05:34.734,8.08924,8.09076,2.29,1.00
2014.06.10 12:05:34.785,8.08942,8.09076,1.19,1.00
2014.06.10 12:05:35.097,8.08942,8.09046,1.19,1.00
2014.06.10 12:05:35.627,8.08943,8.09036,1.19,1.00
2014.06.10 12:05:35.828,8.08943,8.09056,1.19,1.00
2014.06.10 12:05:36.132,8.08945,8.09056,1.19,1.00
2014.06.10 12:05:36.642,8.08945,8.09076,1.19,1.00
2014.06.10 12:05:37.598,8.08944,8.09076,1.69,1.00
2014.06.10 12:05:37.815,8.08944,8.09066,1.69,1.00
2014.06.10 12:05:38.837,8.08945,8.09066,1.19,1.88
2014.06.10 12:05:38.938,8.08945,8.09076,1.19,2.63
2014.06.10 12:05:39.158,8.08945,8.09056,1.19,1.00
2014.06.10 12:05:40.135,8.08945,8.09076,1.19,2.63
2014.06.10 12:05:40.688,8.08946,8.09076,1.19,2.63
2014.06.10 12:05:43.448,8.08946,8.09056,1.19,1.88
2014.06.10 12:05:44.940,8.08937,8.09056,1.19,1.88
2014.06.10 12:05:46.048,8.08936,8.09056,1.19,1.88
2014.06.10 12:05:49.752,8.08943,8.09056,1.19,1.88
2014.06.10 12:05:52.806,8.08935,8.09056,1.19,1.88
2014.06.10 12:05:53.807,8.08943,8.09056,1.19,1.88
2014.06.10 12:05:54.807,8.08938,8.09056,1.19,1.88
2014.06.10 12:05:54.939,8.08938,8.09046,1.19,1.00
2014.06.10 12:05:55.193,8.08914,8.09026,1.19,1.88
2014.06.10 12:05:56.290,8.08913,8.09026,1.19,1.88
2014.06.10 12:05:57.597,8.0891,8.09026,1.19,1.88
2014.06.10 12:05:58.697,8.0891,8.09056,1.19,1.00
2014.06.10 12:05:58.901,8.08894,8.09056,1.19,1.19
2014.06.10 12:05:59.368,8.08894,8.09047,1.19,1.00
2014.06.10 12:06:00.396,8.08909,8.09047,1.19,1.00
2014.06.10 12:06:03.107,8.08913,8.09047,1.19,1.00
2014.06.10 12:06:03.319,8.08913,8.09076,1.19,1.19
2014.06.10 12:06:04.097,8.08923,8.09076,1.19,1.00
2014.06.10 12:06:06.336,8.08925,8.09076,1.19,1.00
2014.06.10 12:06:07.612,8.0892,8.09076,1.19,1.00
2014.06.10 12:06:09.622,8.08921,8.09076,1.19,1.00
2014.06.10 12:06:11.433,8.08919,8.09076,1.19,1.00
2014.06.10 12:06:17.667,8.08919,8.09076,1.19,1.25
2014.06.10 12:06:19.580,8.08926,8.09076,1.19,1.00
2014.06.10 12:06:23.139,8.08913,8.09076,1.19,1.19
2014.06.10 12:06:24.293,8.08912,8.09076,1.19,1.19
2014.06.10 12:06:25.468,8.08912,8.09066,1.19,1.00
2014.06.10 12:06:30.289,8.08915,8.09066,1.19,1.00
2014.06.10 12:06:31.417,8.08924,8.09066,1.19,1.00
2014.06.10 12:06:33.203,8.08926,8.09066,1.19,1.00
2014.06.10 12:06:37.620,8.08921,8.09066,1.19,1.00
2014.06.10 12:06:39.873,8.08913,8.09066,1.19,1.00
2014.06.10 12:06:42.103,8.08913,8.09036,1.19,1.00
2014.06.10 12:06:42.357,8.08891,8.09036,1.19,1.00
2014.06.10 12:06:43.455,8.08889,8.09036,1.19,1.00
2014.06.10 12:06:45.501,8.08889,8.09026,1.19,1.00
2014.06.10 12:06:47.996,8.08887,8.09026,1.19,1.00
2014.06.10 12:06:49.785,8.08887,8.09026,1.19,1.00
2014.06.10 12:06:51.572,8.08887,8.09026,1.19,1.00
2014.06.10 12:06:56.068,8.08884,8.09026,1.19,1.00
2014.06.10 12:06:56.568,8.08884,8.09016,1.19,1.00
2014.06.10 12:06:59.790,8.08884,8.09016,1.19,1.00
2014.06.10 12:07:01.537,8.08884,8.09016,1.19,1.00
2014.06.10 12:07:02.803,8.08879,8.09016,1.19,1.00
2014.06.10 12:07:05.313,8.08879,8.09016,1.19,1.00
2014.06.10 12:07:07.494,8.08879,8.09016,1.19,1.00
2014.06.10 12:07:10.305,8.08879,8.09016,1.19,1.00
2014.06.10 12:07:17.947,8.08879,8.09016,1.19,1.00
2014.06.10 12:07:21.574,8.08879,8.09016,1.19,1.00
2014.06.10 12:07:23.663,8.08874,8.09016,1.19,1.00
2014.06.10 12:07:24.688,8.08874,8.09016,1.19,1.00
2014.06.10 12:07:30.095,8.08874,8.09016,1.19,1.00
2014.06.10 12:07:32.794,8.08874,8.09016,1.19,1.00
2014.06.10 12:07:35.871,8.08874,8.09016,1.19,1.00
2014.06.10 12:07:37.681,8.08874,8.09016,1.19,1.00
2014.06.10 12:07:39.914,8.08874,8.09016,1.19,1.00
2014.06.10 12:07:41.600,8.08879,8.09016,1.19,1.00
2014.06.10 12:07:42.605,8.08879,8.09016,1.19,1.00
2014.06.10 12:07:43.909,8.08879,8.09016,1.19,1.00
2014.06.10 12:07:46.124,8.08879,8.09016,1.19,1.00
2014.06.10 12:07:50.179,8.08872,8.09016,1.79,1.00
2014.06.10 12:07:51.559,8.08872,8.09016,1.79,1.00
2014.06.10 12:07:54.031,8.08872,8.09016,1.79,1.00
2014.06.10 12:07:54.082,8.08872,8.08986,1.19,1.00
2014.06.10 12:07:54.829,8.08872,8.09016,1.19,1.00
2014.06.10 12:07:55.639,8.08872,8.09016,1.19,1.00
2014.06.10 12:07:58.864,8.08872,8.09016,1.19,1.00
2014.06.10 12:08:01.461,8.08872,8.09016,1.19,1.00
2014.06.10 12:08:04.063,8.08872,8.09016,1.19,1.00
2014.06.10 12:08:06.274,8.08872,8.09016,1.19,1.00
2014.06.10 12:08:10.595,8.08871,8.09016,1.19,1.00
2014.06.10 12:08:19.714,8.08871,8.09016,1.19,1.00
2014.06.10 12:08:21.121,8.08871,8.09016,1.19,1.00
2014.06.10 12:08:22.744,8.08871,8.09016,1.19,1.00
2014.06.10 12:08:23.731,8.08871,8.09016,1.19,1.00
2014.06.10 12:08:25.138,8.08871,8.09016,1.19,1.00
2014.06.10 12:08:29.377,8.08871,8.09016,1.19,1.00
2014.06.10 12:08:29.782,8.08874,8.09026,1.19,1.19
2014.06.10 12:08:30.732,8.08874,8.09026,1.19,1.00
2014.06.10 12:08:31.837,8.08874,8.09026,1.19,1.00
2014.06.10 12:08:33.874,8.08877,8.09026,1.19,1.00
2014.06.10 12:08:39.414,8.08877,8.09026,1.19,1.00
2014.06.10 12:08:43.571,8.08877,8.09026,1.19,1.00
2014.06.10 12:08:53.401,8.08874,8.09026,1.19,1.00
2014.06.10 12:08:56.112,8.08874,8.09026,1.19,1.00
2014.06.10 12:09:00.043,8.08874,8.09026,1.19,1.00
2014.06.10 12:09:03.750,8.08874,8.09026,1.19,1.00
2014.06.10 12:09:09.540,8.08874,8.09026,1.19,1.00
2014.06.10 12:09:11.014,8.08874,8.09026,1.19,1.00
2014.06.10 12:09:12.073,8.08874,8.09026,1.19,1.00
2014.06.10 12:09:13.294,8.08874,8.09026,1.19,1.19
2014.06.10 12:09:15.149,8.08877,8.09026,1.19,1.19
2014.06.10 12:09:19.171,8.08877,8.09026,1.19,1.00
2014.06.10 12:09:24.299,8.08877,8.09026,1.19,1.00
2014.06.10 12:09:27.384,8.08874,8.09026,1.19,1.00
2014.06.10 12:09:27.874,8.08874,8.09016,1.19,1.00
2014.06.10 12:09:28.510,8.08874,8.09016,1.19,1.00
2014.06.10 12:09:30.123,8.08868,8.09016,1.19,1.00
2014.06.10 12:09:41.130,8.08868,8.09016,1.19,1.19
2014.06.10 12:09:42.939,8.08876,8.09016,1.19,1.19
2014.06.10 12:09:45.053,8.08876,8.09016,1.19,1.00
2014.06.10 12:09:48.670,8.08876,8.09016,1.19,1.00
2014.06.10 12:09:49.825,8.08876,8.09016,1.19,1.00
2014.06.10 12:09:50.881,8.08876,8.09016,1.19,1.00
2014.06.10 12:09:52.869,8.08876,8.09016,1.19,1.00
2014.06.10 12:09:55.719,8.08876,8.09016,1.19,1.00
2014.06.10 12:09:58.799,8.08876,8.09016,1.19,1.00
2014.06.10 12:10:00.106,8.08876,8.09016,1.19,1.00
2014.06.10 12:10:01.314,8.08876,8.09016,1.19,1.00
2014.06.10 12:10:02.462,8.08876,8.09026,1.19,1.19
2014.06.10 12:10:03.458,8.08876,8.09026,1.19,1.19
2014.06.10 12:10:04.838,8.08876,8.09026,1.19,1.00
2014.06.10 12:10:11.657,8.08866,8.09026,1.19,1.19
2014.06.10 12:10:12.754,8.08853,8.09026,1.79,1.19
2014.06.10 12:10:18.818,8.08857,8.09026,1.79,1.19
2014.06.10 12:10:19.987,8.08857,8.09026,1.79,1.19
2014.06.10 12:10:21.193,8.08857,8.09026,1.79,1.19
2014.06.10 12:10:22.200,8.08857,8.09026,1.79,1.19
2014.06.10 12:10:22.523,8.08857,8.09016,1.79,1.00
2014.06.10 12:10:23.579,8.08857,8.09016,1.79,1.00
2014.06.10 12:10:26.093,8.08857,8.09016,1.79,1.25
2014.06.10 12:10:28.102,8.08857,8.09016,1.79,1.19
2014.06.10 12:10:30.311,8.08857,8.09016,1.79,1.00
2014.06.10 12:10:33.325,8.08859,8.09016,1.19,1.00
2014.06.10 12:10:37.866,8.08858,8.09006,1.19,1.00
2014.06.10 12:10:39.042,8.08858,8.09006,1.19,1.00
2014.06.10 12:10:39.093,8.08858,8.08977,1.19,1.00
2014.06.10 12:10:40.033,8.08858,8.08956,1.19,1.00
2014.06.10 12:10:40.386,8.08858,8.08996,1.19,1.00
2014.06.10 12:10:41.442,8.08858,8.08996,1.19,1.00
2014.06.10 12:10:42.559,8.08858,8.08996,1.19,1.00
2014.06.10 12:10:45.256,8.08858,8.08996,1.19,1.00
2014.06.10 12:10:46.304,8.08858,8.08996,1.19,1.00
2014.06.10 12:10:47.868,8.08858,8.08996,1.19,1.00
2014.06.10 12:10:49.718,8.08858,8.08996,1.19,1.00
2014.06.10 12:10:50.703,8.08858,8.08996,1.79,1.00
2014.06.10 12:10:52.023,8.08858,8.08996,1.79,1.00
2014.06.10 12:10:53.261,8.08854,8.08996,2.29,1.00
2014.06.10 12:10:54.870,8.08854,8.08996,2.29,1.00
2014.06.10 12:10:57.392,8.08854,8.08996,2.29,1.00
2014.06.10 12:10:58.432,8.08854,8.08996,2.29,1.00
2014.06.10 12:11:00.005,8.08854,8.08996,2.29,1.00
2014.06.10 12:11:02.921,8.08854,8.08996,2.29,1.00
2014.06.10 12:11:10.319,8.08859,8.08996,1.79,1.00
2014.06.10 12:11:11.629,8.08854,8.08996,2.29,1.00
2014.06.10 12:11:13.034,8.08854,8.08996,2.29,1.00
2014.06.10 12:11:13.337,8.08853,8.08947,1.19,1.00
2014.06.10 12:11:14.340,8.08844,8.08936,1.19,1.00
2014.06.10 12:11:15.549,8.08844,8.08936,1.19,1.00
2014.06.10 12:11:16.547,8.08844,8.08936,1.19,1.00
2014.06.10 12:11:17.433,8.08829,8.08927,1.19,1.00
2014.06.10 12:11:18.045,8.08829,8.08916,1.19,1.00
2014.06.10 12:11:18.197,8.08824,8.08916,1.19,1.00
2014.06.10 12:11:19.405,8.08824,8.08906,1.19,1.00
2014.06.10 12:11:20.152,8.08813,8.08899,1.19,1.00
2014.06.10 12:11:20.255,8.08813,8.08896,1.19,1.00
2014.06.10 12:11:21.122,8.08799,8.08906,1.19,1.00
2014.06.10 12:11:21.274,8.08766,8.08906,1.79,1.00
2014.06.10 12:11:22.755,8.08774,8.08906,1.19,1.00
2014.06.10 12:11:24.093,8.08778,8.08896,2.29,1.00
2014.06.10 12:11:25.067,8.08799,8.08896,1.19,1.00
2014.06.10 12:11:27.481,8.08799,8.08896,1.19,1.00
2014.06.10 12:11:30.169,8.08799,8.08896,1.19,1.00
2014.06.10 12:11:31.294,8.08799,8.08896,1.19,1.00
2014.06.10 12:11:32.133,8.08788,8.08906,1.19,1.00
2014.06.10 12:11:32.285,8.08774,8.08906,1.79,1.00
2014.06.10 12:11:32.588,8.08774,8.08926,2.29,1.00
2014.06.10 12:11:32.905,8.08776,8.08906,2.29,1.00
2014.06.10 12:11:33.107,8.08776,8.08936,1.19,1.00
2014.06.10 12:11:34.288,8.08778,8.08936,1.79,1.00
2014.06.10 12:11:34.883,8.08778,8.08927,1.19,1.00
2014.06.10 12:11:35.104,8.08778,8.08936,1.19,1.00
2014.06.10 12:11:35.307,8.08756,8.08936,1.79,1.19
2014.06.10 12:11:36.334,8.08757,8.08916,1.19,1.00
2014.06.10 12:11:37.325,8.08751,8.08916,1.79,1.00
2014.06.10 12:11:37.384,8.08751,8.08936,1.79,1.19
2014.06.10 12:11:40.307,8.08758,8.08936,1.19,1.19
2014.06.10 12:11:43.525,8.08752,8.08936,1.79,1.19
2014.06.10 12:11:43.704,8.08752,8.08906,1.19,1.00
2014.06.10 12:11:45.143,8.08754,8.08906,1.19,1.00
2014.06.10 12:11:47.603,8.08755,8.08906,1.19,1.00
2014.06.10 12:11:47.968,8.08715,8.08876,1.79,1.00
2014.06.10 12:11:48.170,8.08724,8.08896,1.19,1.00
2014.06.10 12:11:48.271,8.08724,8.08896,1.19,1.19
2014.06.10 12:11:49.272,8.08749,8.08926,1.79,1.19
2014.06.10 12:11:51.346,8.08749,8.08926,1.79,1.19
2014.06.10 12:11:52.464,8.08749,8.08926,1.79,1.19
2014.06.10 12:11:54.640,8.08749,8.08896,1.19,1.00
2014.06.10 12:11:55.514,8.08749,8.08896,1.19,1.00
2014.06.10 12:11:56.507,8.08749,8.08896,1.19,1.00
2014.06.10 12:11:58.459,8.08749,8.08896,1.19,1.00
2014.06.10 12:12:00.165,8.08749,8.08896,1.19,1.00
2014.06.10 12:12:04.072,8.08749,8.08906,1.19,1.25
2014.06.10 12:12:04.123,8.08749,8.08906,1.19,1.00
2014.06.10 12:12:04.623,8.08749,8.08896,1.19,1.00
2014.06.10 12:12:06.278,8.08749,8.08896,1.19,1.00
2014.06.10 12:12:07.310,8.08756,8.08896,1.19,1.00
2014.06.10 12:12:07.361,8.08756,8.08886,1.19,1.00
2014.06.10 12:12:08.617,8.08756,8.08886,1.19,1.00
2014.06.10 12:12:09.737,8.08749,8.08886,2.29,1.00
2014.06.10 12:12:11.686,8.08749,8.08886,2.29,1.00
2014.06.10 12:12:13.699,8.08749,8.08886,2.29,1.00
2014.06.10 12:12:20.064,8.08749,8.08887,2.29,1.00
2014.06.10 12:12:20.216,8.08749,8.08887,2.29,1.00
2014.06.10 12:12:21.684,8.08749,8.08887,2.29,1.00
2014.06.10 12:12:25.136,8.08749,8.08887,2.10,1.00
2014.06.10 12:12:25.238,8.08749,8.08887,2.29,1.00
2014.06.10 12:12:29.260,8.08749,8.08887,2.29,1.00
2014.06.10 12:12:30.392,8.08749,8.08887,1.19,1.00
2014.06.10 12:12:33.462,8.08749,8.08887,1.79,1.00
2014.06.10 12:12:37.678,8.08749,8.08887,1.79,1.00
2014.06.10 12:12:40.990,8.08749,8.08887,1.79,1.00
2014.06.10 12:12:42.724,8.08749,8.08887,1.79,1.00
2014.06.10 12:12:44.108,8.08749,8.08887,1.79,1.00
2014.06.10 12:12:53.363,8.08738,8.08896,1.19,1.00
2014.06.10 12:12:53.413,8.08735,8.08896,1.54,1.00
2014.06.10 12:12:53.565,8.08728,8.08906,1.19,1.19
2014.06.10 12:12:54.388,8.08724,8.08906,1.79,1.19
2014.06.10 12:12:55.572,8.08719,8.08906,1.19,1.19
2014.06.10 12:12:55.887,8.08706,8.08866,1.19,1.50
2014.06.10 12:12:56.833,8.08706,8.08866,1.19,1.69
2014.06.10 12:12:57.940,8.08706,8.08866,1.19,1.69
2014.06.10 12:12:59.547,8.08692,8.08866,1.19,1.69
2014.06.10 12:13:00.978,8.08694,8.08876,1.19,2.44
2014.06.10 12:13:02.174,8.0868,8.08876,1.19,1.69
2014.06.10 12:13:03.884,8.0869,8.08876,1.19,2.44
2014.06.10 12:13:05.235,8.087,8.08896,1.79,1.69
2014.06.10 12:13:06.568,8.08702,8.08896,1.79,1.69
2014.06.10 12:13:07.661,8.0869,8.08876,1.79,1.69
2014.06.10 12:13:09.408,8.08696,8.08876,1.19,1.69
2014.06.10 12:13:11.705,8.08697,8.08876,1.19,1.69
2014.06.10 12:13:12.809,8.08705,8.08896,1.79,1.69
2014.06.10 12:13:13.951,8.08706,8.08896,1.54,1.69
2014.06.10 12:13:17.834,8.08714,8.08896,1.19,1.69
2014.06.10 12:13:20.366,8.08718,8.08896,1.19,1.69
2014.06.10 12:13:21.544,8.08709,8.08896,1.19,2.44
2014.06.10 12:13:23.082,8.08708,8.08896,1.19,2.44
2014.06.10 12:13:24.546,8.08704,8.08896,1.79,2.44
2014.06.10 12:13:27.070,8.08694,8.08876,1.19,1.69
2014.06.10 12:13:29.270,8.08685,8.08876,2.29,1.69
2014.06.10 12:13:30.793,8.08685,8.08876,1.79,1.69
2014.06.10 12:13:33.059,8.08685,8.08876,1.79,1.69
2014.06.10 12:13:34.159,8.08685,8.08876,1.79,1.69
2014.06.10 12:13:36.522,8.08685,8.08876,1.79,1.69
2014.06.10 12:13:39.589,8.08685,8.08876,1.79,1.69
2014.06.10 12:13:44.682,8.08685,8.08876,2.29,1.69
2014.06.10 12:13:46.897,8.08685,8.08876,1.79,1.69
2014.06.10 12:13:47.900,8.08687,8.08876,1.79,1.69
2014.06.10 12:13:49.440,8.08683,8.08876,2.29,1.69
2014.06.10 12:13:50.413,8.08683,8.08876,3.04,1.69
2014.06.10 12:13:51.517,8.08683,8.08876,1.79,1.69
2014.06.10 12:13:53.227,8.08683,8.08876,1.79,1.69
2014.06.10 12:13:54.637,8.08683,8.08876,1.79,1.69
2014.06.10 12:13:55.445,8.08665,8.08865,1.19,1.19
2014.06.10 12:13:56.736,8.08664,8.08846,1.54,1.69
2014.06.10 12:13:58.026,8.08654,8.08846,1.69,1.69
2014.06.10 12:14:00.169,8.08654,8.08846,1.69,1.69
2014.06.10 12:14:01.182,8.08633,8.08832,1.19,1.19
2014.06.10 12:14:02.417,8.08654,8.08849,1.79,1.19
2014.06.10 12:14:04.263,8.08654,8.08848,1.79,1.19
2014.06.10 12:14:06.076,8.08649,8.08851,1.79,1.19
2014.06.10 12:14:08.464,8.08674,8.08846,1.19,1.19
2014.06.10 12:14:09.271,8.08674,8.08846,1.19,1.19
2014.06.10 12:14:13.622,8.08654,8.08851,1.19,1.19
2014.06.10 12:14:15.108,8.08654,8.08851,1.79,1.19
2014.06.10 12:14:16.148,8.08664,8.08851,1.19,1.19
2014.06.10 12:14:17.542,8.08649,8.08851,1.79,1.19
2014.06.10 12:14:19.411,8.08634,8.08826,1.19,1.19
2014.06.10 12:14:20.560,8.08634,8.08826,1.19,1.19
2014.06.10 12:14:21.653,8.08624,8.08806,1.79,1.19
2014.06.10 12:14:22.004,8.08624,8.08776,1.19,1.00
2014.06.10 12:14:22.312,8.08624,8.08756,1.19,1.00
2014.06.10 12:14:22.835,8.08624,8.08756,1.19,1.00
2014.06.10 12:14:24.898,8.08613,8.08786,1.19,1.19
2014.06.10 12:14:25.151,8.0859,8.08786,1.19,1.19
2014.06.10 12:14:25.878,8.08585,8.08746,1.19,1.00
2014.06.10 12:14:26.081,8.08585,8.08756,1.19,1.00
2014.06.10 12:14:26.628,8.08574,8.08756,2.29,1.19
2014.06.10 12:14:27.642,8.08574,8.08736,1.69,1.00
2014.06.10 12:14:28.279,8.08574,8.08726,1.69,1.00
2014.06.10 12:14:28.862,8.08574,8.08726,1.69,1.00
2014.06.10 12:14:29.412,8.08574,8.08746,1.69,1.19
2014.06.10 12:14:30.359,8.08574,8.08746,1.69,1.19
2014.06.10 12:14:31.667,8.08594,8.08776,1.19,1.19
2014.06.10 12:14:32.079,8.08594,8.08776,1.00,1.19
2014.06.10 12:14:32.130,8.08574,8.08763,1.00,1.19
2014.06.10 12:14:32.181,8.08554,8.08763,1.00,1.69
2014.06.10 12:14:32.796,8.08564,8.08741,1.00,1.19
2014.06.10 12:14:33.102,8.08564,8.08751,1.79,1.69
2014.06.10 12:14:34.328,8.08555,8.08736,1.79,1.19
2014.06.10 12:14:35.062,8.08658,8.08736,2.50,1.19
2014.06.10 12:14:35.114,8.08665,8.08774,7.60,1.00
2014.06.10 12:14:35.169,8.08734,8.08816,1.00,1.00
2014.06.10 12:14:35.270,8.08736,8.08836,1.50,1.50
2014.06.10 12:14:35.371,8.08759,8.08936,1.19,1.19
2014.06.10 12:14:36.420,8.08775,8.08969,1.19,1.19
2014.06.10 12:14:37.479,8.08773,8.08969,1.19,1.19
2014.06.10 12:14:39.547,8.08814,8.08977,1.00,1.69
2014.06.10 12:14:40.205,8.08814,8.08977,1.00,1.69
2014.06.10 12:14:41.206,8.08814,8.08977,1.19,1.69
2014.06.10 12:14:41.834,8.08803,8.09003,1.79,1.19
2014.06.10 12:14:42.154,8.0882,8.09017,1.19,1.19
2014.06.10 12:14:43.117,8.08863,8.09029,1.19,1.19
2014.06.10 12:14:44.131,8.08854,8.0904,1.19,1.19
2014.06.10 12:14:45.418,8.08854,8.09026,1.19,1.69
2014.06.10 12:14:48.385,8.08854,8.09026,1.19,1.69
2014.06.10 12:14:51.702,8.08854,8.09026,1.19,1.69
2014.06.10 12:14:56.140,8.08854,8.09026,1.19,1.69
2014.06.10 12:14:58.121,8.08824,8.09026,1.19,1.69
2014.06.10 12:14:59.321,8.08887,8.09026,2.10,1.69
2014.06.10 12:14:59.372,8.08887,8.09026,2.29,1.00
2014.06.10 12:14:59.424,8.08902,8.09026,2.10,1.00
2014.06.10 12:14:59.727,8.08917,8.09056,1.19,1.00
2014.06.10 12:15:00.482,8.08917,8.09056,1.19,1.00
2014.06.10 12:15:00.583,8.08907,8.09056,1.19,1.00
2014.06.10 12:15:00.685,8.08907,8.09056,1.00,1.19
2014.06.10 12:15:00.742,8.08877,8.09056,1.19,1.19
2014.06.10 12:15:01.046,8.08854,8.09026,1.19,1.00
2014.06.10 12:15:01.200,8.08854,8.09056,1.19,1.69
2014.06.10 12:15:01.465,8.08864,8.09051,1.19,1.19
2014.06.10 12:15:02.476,8.08864,8.09026,1.19,1.19
2014.06.10 12:15:03.857,8.08864,8.09026,1.19,1.19
2014.06.10 12:15:04.853,8.08864,8.09026,1.19,1.19
2014.06.10 12:15:05.422,8.08824,8.08966,1.00,1.00
2014.06.10 12:15:05.523,8.08824,8.08958,1.00,1.19
2014.06.10 12:15:05.574,8.08824,8.08958,1.00,1.19
2014.06.10 12:15:05.675,8.08804,8.08958,3.04,1.00
2014.06.10 12:15:05.777,8.08844,8.09011,1.00,1.19
2014.06.10 12:15:06.802,8.08845,8.09031,2.29,1.19
2014.06.10 12:15:06.903,8.08851,8.09036,2.29,1.19
2014.06.10 12:15:07.874,8.08884,8.09036,1.00,1.19
2014.06.10 12:15:08.179,8.08865,8.09036,1.79,1.19
2014.06.10 12:15:09.052,8.08889,8.09046,1.19,1.19
2014.06.10 12:15:10.400,8.08889,8.09046,1.19,1.19
2014.06.10 12:15:11.372,8.08889,8.09056,1.19,1.19
2014.06.10 12:15:11.749,8.08908,8.09056,1.00,1.19
2014.06.10 12:15:12.405,8.08908,8.09056,1.19,1.19
2014.06.10 12:15:13.376,8.08908,8.09056,1.19,1.19
2014.06.10 12:15:14.386,8.08908,8.09056,1.19,1.19
2014.06.10 12:15:15.815,8.08908,8.09066,1.19,1.19
2014.06.10 12:15:17.709,8.08908,8.09066,1.19,1.19
2014.06.10 12:15:19.085,8.08908,8.09066,1.19,1.19
2014.06.10 12:15:20.313,8.08908,8.09066,1.19,1.19
2014.06.10 12:15:21.542,8.08908,8.09066,1.19,1.19
2014.06.10 12:15:22.513,8.08908,8.09076,1.19,1.19
2014.06.10 12:15:24.718,8.08908,8.09076,1.19,1.19
2014.06.10 12:15:26.731,8.08908,8.09076,1.19,1.19
2014.06.10 12:15:27.729,8.08908,8.09076,1.19,1.19
2014.06.10 12:15:29.643,8.08908,8.09076,1.19,1.19
2014.06.10 12:15:31.047,8.08908,8.09076,1.19,1.19
2014.06.10 12:15:32.227,8.08908,8.09066,1.19,1.19
2014.06.10 12:15:33.436,8.08908,8.09066,1.19,1.19
2014.06.10 12:15:34.554,8.08908,8.09066,1.19,1.19
2014.06.10 12:15:36.889,8.08908,8.09066,1.19,1.19
2014.06.10 12:15:37.881,8.08908,8.09066,1.19,1.19
2014.06.10 12:15:40.081,8.08908,8.09066,1.19,1.19
2014.06.10 12:15:40.656,8.08889,8.09026,1.19,1.00
2014.06.10 12:15:40.707,8.08856,8.09026,1.19,1.19
2014.06.10 12:15:40.858,8.08914,8.09052,1.00,1.19
2014.06.10 12:15:40.909,8.08914,8.09052,1.00,1.19
2014.06.10 12:15:41.010,8.08914,8.09083,1.00,1.19
2014.06.10 12:15:41.111,8.08914,8.09095,1.19,1.19
2014.06.10 12:15:42.124,8.08903,8.09109,1.79,1.19
2014.06.10 12:15:42.427,8.08922,8.09106,1.79,1.19
2014.06.10 12:15:43.070,8.08922,8.09056,1.19,1.00
2014.06.10 12:15:43.222,8.08905,8.09056,1.69,1.00
2014.06.10 12:15:43.592,8.08904,8.09066,1.19,1.00
2014.06.10 12:15:44.591,8.08904,8.09066,1.19,1.00
2014.06.10 12:15:44.844,8.08904,8.09056,1.19,1.00
2014.06.10 12:15:45.207,8.08924,8.09087,1.19,1.19
2014.06.10 12:15:45.686,8.08928,8.0909,1.00,1.19
2014.06.10 12:15:46.574,8.08899,8.0909,1.19,1.19
2014.06.10 12:15:46.695,8.08899,8.09096,1.19,1.19
2014.06.10 12:15:47.580,8.08879,8.09056,1.69,1.19
2014.06.10 12:15:48.092,8.08914,8.09081,1.00,1.19
2014.06.10 12:15:48.871,8.08914,8.09079,1.00,1.19
2014.06.10 12:15:51.144,8.08914,8.09081,1.00,1.19
2014.06.10 12:15:52.082,8.08879,8.09046,1.19,1.19
2014.06.10 12:15:52.133,8.08879,8.09046,1.19,1.19
2014.06.10 12:15:54.117,8.08879,8.09056,1.19,1.19
2014.06.10 12:15:57.121,8.08872,8.09026,1.19,1.25
2014.06.10 12:15:57.424,8.08854,8.09016,1.69,1.00
2014.06.10 12:15:57.560,8.08854,8.09036,1.69,1.19
2014.06.10 12:15:58.800,8.08854,8.09037,1.19,1.19
2014.06.10 12:16:00.139,8.08854,8.09037,1.19,1.19
2014.06.10 12:16:01.722,8.08854,8.09026,1.19,1.19
2014.06.10 12:16:03.237,8.08854,8.09026,1.19,1.19
2014.06.10 12:16:06.078,8.08854,8.09026,1.79,1.00
2014.06.10 12:16:06.129,8.08869,8.09036,1.54,1.19
2014.06.10 12:16:06.331,8.08882,8.09026,1.19,1.00
2014.06.10 12:16:06.735,8.08864,8.09026,1.19,1.19
2014.06.10 12:16:07.403,8.08849,8.09006,1.19,1.00
2014.06.10 12:16:08.278,8.08849,8.09016,1.19,1.19
2014.06.10 12:16:08.329,8.08849,8.09016,1.19,1.19
2014.06.10 12:16:09.300,8.08849,8.09016,1.19,1.19
2014.06.10 12:16:10.405,8.08849,8.09016,1.19,1.19
2014.06.10 12:16:11.613,8.08849,8.09016,1.19,1.19
2014.06.10 12:16:12.751,8.08849,8.09016,1.19,1.19
2014.06.10 12:16:13.775,8.08849,8.09016,1.19,1.19
2014.06.10 12:16:15.848,8.0885,8.09016,1.19,1.19
2014.06.10 12:16:16.884,8.08874,8.09026,1.19,1.19
2014.06.10 12:16:18.598,8.0886,8.09026,1.19,1.19
2014.06.10 12:16:18.902,8.08849,8.08996,1.19,1.00
2014.06.10 12:16:19.616,8.0885,8.08996,1.19,1.00
2014.06.10 12:16:19.848,8.0885,8.09026,1.19,1.19
2014.06.10 12:16:20.623,8.08849,8.09016,1.19,1.19
2014.06.10 12:16:21.456,8.08841,8.09016,1.19,1.69
2014.06.10 12:16:22.541,8.08824,8.09016,1.19,1.69
2014.06.10 12:16:26.189,8.08849,8.09026,1.19,1.19
2014.06.10 12:16:27.550,8.08824,8.09016,1.19,1.69
2014.06.10 12:16:28.555,8.08824,8.09016,1.19,1.69
2014.06.10 12:16:29.559,8.08824,8.09016,1.19,1.69
2014.06.10 12:16:30.966,8.08824,8.09016,1.19,1.69
2014.06.10 12:16:32.798,8.08834,8.09016,2.29,1.50
2014.06.10 12:16:32.899,8.08854,8.09026,1.54,1.19
2014.06.10 12:16:34.122,8.08874,8.09026,1.19,1.19
2014.06.10 12:16:35.957,8.08874,8.09026,1.19,1.19
2014.06.10 12:16:36.289,8.08904,8.09067,1.19,1.19
2014.06.10 12:16:36.391,8.08904,8.09067,1.25,1.19
2014.06.10 12:16:37.564,8.08857,8.09046,1.19,2.44
2014.06.10 12:16:39.574,8.08849,8.09046,1.69,1.69
2014.06.10 12:16:41.706,8.08849,8.09036,1.19,1.19
2014.06.10 12:16:44.106,8.08849,8.09006,1.19,1.00
2014.06.10 12:16:44.157,8.08849,8.09006,1.19,1.00
2014.06.10 12:16:44.208,8.08849,8.09006,1.19,1.19
2014.06.10 12:16:44.511,8.08802,8.08997,1.19,1.69
2014.06.10 12:16:45.586,8.08799,8.08997,1.69,1.69
2014.06.10 12:16:46.411,8.08799,8.08997,1.19,1.69
2014.06.10 12:16:49.020,8.08812,8.08997,1.19,1.69
2014.06.10 12:16:49.121,8.08812,8.08997,2.10,1.50
2014.06.10 12:16:49.172,8.08818,8.08997,2.10,1.50
2014.06.10 12:16:49.475,8.08834,8.09007,1.19,1.19
2014.06.10 12:16:50.609,8.08849,8.08986,1.19,1.00
2014.06.10 12:16:51.100,8.08849,8.08986,1.19,1.00
2014.06.10 12:16:52.204,8.08849,8.08986,1.19,1.00
2014.06.10 12:16:53.311,8.08849,8.08986,1.19,1.00
2014.06.10 12:16:53.412,8.08849,8.09007,1.19,1.19
2014.06.10 12:16:53.563,8.08849,8.08996,1.19,1.00
2014.06.10 12:16:54.518,8.08849,8.08996,1.19,1.00
2014.06.10 12:16:55.523,8.08849,8.08996,1.19,1.00
2014.06.10 12:16:56.122,8.08849,8.08986,1.19,1.00
2014.06.10 12:16:56.627,8.08849,8.08986,1.19,1.00
2014.06.10 12:16:58.077,8.08849,8.08966,1.19,1.00
2014.06.10 12:16:58.637,8.08823,8.08956,1.19,1.00
2014.06.10 12:16:58.839,8.08823,8.08996,1.19,1.19
2014.06.10 12:16:59.137,8.08823,8.08996,1.19,1.19
2014.06.10 12:17:00.586,8.08823,8.08996,1.19,1.19
2014.06.10 12:17:02.790,8.08823,8.08986,1.19,1.00
2014.06.10 12:17:03.359,8.08823,8.08986,1.19,1.00
2014.06.10 12:17:03.861,8.08823,8.08986,1.19,1.00
2014.06.10 12:17:05.839,8.08823,8.08986,1.19,1.00
2014.06.10 12:17:06.845,8.08823,8.08986,1.19,1.00
2014.06.10 12:17:08.094,8.08823,8.08986,1.19,1.25
2014.06.10 12:17:09.256,8.08823,8.08986,1.19,1.00
2014.06.10 12:17:10.775,8.08823,8.08986,1.19,1.00
2014.06.10 12:17:11.378,8.08823,8.09006,1.19,1.19
2014.06.10 12:17:16.094,8.088,8.08996,1.19,2.44
2014.06.10 12:17:17.405,8.08799,8.08996,1.19,1.69
2014.06.10 12:17:21.605,8.08799,8.08996,1.19,1.69
2014.06.10 12:17:23.816,8.08799,8.08991,1.19,1.19
2014.06.10 12:17:25.228,8.08808,8.08991,1.19,1.19
2014.06.10 12:17:27.738,8.08811,8.08991,1.19,1.19
2014.06.10 12:17:29.254,8.08814,8.08991,1.19,1.19
2014.06.10 12:17:31.247,8.08813,8.08991,1.19,1.19
2014.06.10 12:17:32.386,8.08806,8.08991,1.19,1.19
2014.06.10 12:17:33.598,8.08809,8.08991,1.19,1.19
2014.06.10 12:17:34.368,8.08794,8.08991,1.69,1.00
2014.06.10 12:17:34.427,8.08834,8.08991,1.00,1.00
2014.06.10 12:17:34.529,8.08834,8.08996,1.00,1.50
2014.06.10 12:17:34.579,8.08845,8.08996,1.19,1.50
2014.06.10 12:17:34.630,8.08845,8.09026,1.19,1.19
2014.06.10 12:17:35.684,8.0885,8.09041,1.19,1.19
2014.06.10 12:17:35.886,8.08834,8.09041,1.25,1.19
2014.06.10 12:17:35.937,8.08846,8.09056,1.00,1.19
2014.06.10 12:17:36.240,8.08865,8.09059,1.19,1.19
2014.06.10 12:17:37.072,8.08865,8.09066,1.19,2.44
2014.06.10 12:17:37.460,8.08909,8.09066,1.00,2.44
2014.06.10 12:17:37.663,8.0889,8.09066,1.19,2.44
2014.06.10 12:17:37.885,8.08914,8.09066,1.00,2.44
2014.06.10 12:17:38.499,8.08914,8.09066,1.00,1.69
2014.06.10 12:17:39.098,8.08914,8.09066,1.19,1.69
2014.06.10 12:17:40.278,8.08914,8.09057,1.00,1.00
2014.06.10 12:17:40.329,8.08914,8.09066,1.00,1.00
2014.06.10 12:17:40.483,8.08914,8.09066,1.19,1.00
2014.06.10 12:17:41.620,8.08914,8.09066,1.19,1.19
2014.06.10 12:17:42.950,8.08914,8.09094,1.19,1.19
2014.06.10 12:17:43.905,8.08914,8.09088,1.19,1.19
2014.06.10 12:17:45.136,8.08939,8.09096,1.19,1.19
2014.06.10 12:17:47.621,8.08939,8.09114,1.19,1.19
2014.06.10 12:17:48.597,8.08939,8.09122,1.19,1.19
2014.06.10 12:17:49.826,8.08939,8.09122,1.19,1.19
2014.06.10 12:17:51.157,8.08929,8.09107,1.19,1.19
2014.06.10 12:17:52.337,8.08913,8.09113,1.19,1.19
2014.06.10 12:17:53.798,8.08929,8.09103,1.19,1.19
2014.06.10 12:17:55.157,8.08904,8.09113,1.19,1.19
2014.06.10 12:17:56.214,8.08899,8.09096,1.19,1.19
2014.06.10 12:17:57.525,8.08899,8.09096,1.69,1.19
2014.06.10 12:17:58.860,8.08939,8.09106,1.19,1.19
2014.06.10 12:17:59.892,8.08939,8.09106,1.19,1.19
2014.06.10 12:18:01.051,8.08939,8.09106,1.19,1.69
2014.06.10 12:18:02.043,8.08918,8.09098,1.19,1.19
2014.06.10 12:18:02.875,8.08938,8.09104,1.00,1.19
2014.06.10 12:18:02.976,8.08938,8.09107,1.00,1.19
2014.06.10 12:18:04.060,8.08938,8.09107,1.19,1.19
2014.06.10 12:18:05.072,8.08938,8.09115,1.19,1.19
2014.06.10 12:18:06.758,8.08928,8.09109,1.19,1.19
2014.06.10 12:18:08.387,8.08948,8.09109,1.00,1.19
2014.06.10 12:18:09.210,8.08948,8.09118,1.19,1.19
2014.06.10 12:18:10.187,8.08948,8.09118,1.19,1.19
2014.06.10 12:18:11.265,8.08901,8.091,1.19,1.19
2014.06.10 12:18:12.272,8.08919,8.09107,1.19,1.19
2014.06.10 12:18:13.410,8.08939,8.09114,1.19,1.19
2014.06.10 12:18:14.596,8.08939,8.09114,1.19,1.19
2014.06.10 12:18:15.833,8.08929,8.09104,1.19,1.19
2014.06.10 12:18:16.913,8.08929,8.09112,1.19,1.19
2014.06.10 12:18:21.636,8.08929,8.09112,1.19,1.19
2014.06.10 12:18:21.989,8.08949,8.09112,1.00,1.19
2014.06.10 12:18:22.619,8.08949,8.09112,1.19,1.19
2014.06.10 12:18:23.717,8.08949,8.09121,1.19,1.19
2014.06.10 12:18:26.383,8.08949,8.09126,1.19,2.44
2014.06.10 12:18:26.555,8.08949,8.09124,1.00,1.19
2014.06.10 12:18:26.606,8.08949,8.09057,1.00,1.00
2014.06.10 12:18:26.657,8.08922,8.09057,1.19,1.00
2014.06.10 12:18:26.758,8.08884,8.09057,1.19,1.19
2014.06.10 12:18:27.565,8.08856,8.09057,1.19,1.19
2014.06.10 12:18:27.667,8.08845,8.09036,1.19,1.19
2014.06.10 12:18:28.869,8.08831,8.09017,1.19,1.69
2014.06.10 12:18:29.865,8.08825,8.09017,1.19,1.69
2014.06.10 12:18:31.019,8.08826,8.09017,1.19,1.69
2014.06.10 12:18:32.533,8.0883,8.09017,1.19,1.69
2014.06.10 12:18:33.844,8.08828,8.09017,1.19,1.69
2014.06.10 12:18:34.862,8.08827,8.09017,1.19,1.69
2014.06.10 12:18:35.860,8.08832,8.09017,1.19,1.69
2014.06.10 12:18:37.067,8.08833,8.09017,1.19,1.69
2014.06.10 12:18:38.116,8.08835,8.09017,1.19,1.69
2014.06.10 12:18:39.138,8.08832,8.09017,1.19,1.69
2014.06.10 12:18:40.332,8.08832,8.09017,1.19,1.69
2014.06.10 12:18:43.398,8.08832,8.09016,1.19,1.19
2014.06.10 12:18:47.615,8.08832,8.09016,1.19,1.19
2014.06.10 12:18:48.582,8.08832,8.09016,1.19,1.19
2014.06.10 12:18:50.161,8.08832,8.09016,1.19,1.19
2014.06.10 12:18:53.876,8.08832,8.09016,1.19,1.19
2014.06.10 12:18:54.949,8.08832,8.09016,1.19,1.19
2014.06.10 12:18:56.393,8.08832,8.09016,1.19,1.19
2014.06.10 12:18:57.496,8.08832,8.09016,1.19,1.19
2014.06.10 12:18:58.738,8.08827,8.09016,1.19,1.19
2014.06.10 12:18:59.713,8.08827,8.09016,1.19,1.19
2014.06.10 12:19:02.105,8.08827,8.09016,1.19,1.19
2014.06.10 12:19:03.358,8.08855,8.09016,1.19,1.19
2014.06.10 12:19:03.690,8.08871,8.09016,1.19,1.00
2014.06.10 12:19:04.647,8.08868,8.09016,1.19,1.00
2014.06.10 12:19:05.640,8.08869,8.09016,1.19,1.00
2014.06.10 12:19:06.663,8.08866,8.09016,1.19,1.25
2014.06.10 12:19:07.533,8.08881,8.09016,1.19,1.00
2014.06.10 12:19:07.836,8.08962,8.09066,1.19,1.00
2014.06.10 12:19:08.812,8.08962,8.09086,1.19,1.00
2014.06.10 12:19:09.841,8.08965,8.09086,1.19,1.00
2014.06.10 12:19:10.594,8.08979,8.09106,1.19,1.00
2014.06.10 12:19:10.695,8.08947,8.09106,1.00,1.00
2014.06.10 12:19:10.797,8.08973,8.09106,1.00,1.00
2014.06.10 12:19:11.338,8.08973,8.09166,1.00,1.19
2014.06.10 12:19:11.389,8.08995,8.09166,1.19,1.19
2014.06.10 12:19:11.490,8.08976,8.09127,1.19,1.50
2014.06.10 12:19:11.642,8.08976,8.09136,1.19,1.19
2014.06.10 12:19:11.693,8.08977,8.09136,1.00,1.00
2014.06.10 12:19:12.780,8.08999,8.09136,1.00,1.00
2014.06.10 12:19:25.825,8.08999,8.09126,1.00,1.00
2014.06.10 12:19:35.524,8.08999,8.09136,1.00,1.00
2014.06.10 12:19:35.625,8.09012,8.09136,1.19,1.00
2014.06.10 12:19:35.947,8.09011,8.09136,1.00,1.00
2014.06.10 12:19:36.048,8.09023,8.09136,1.19,1.00
2014.06.10 12:19:36.617,8.09023,8.09146,1.19,1.00
2014.06.10 12:19:37.153,8.09044,8.09146,1.19,1.00
2014.06.10 12:19:38.532,8.09046,8.09146,1.19,1.00
2014.06.10 12:19:38.959,8.09021,8.09146,1.19,1.00
2014.06.10 12:19:39.060,8.09004,8.09146,1.19,1.00
2014.06.10 12:19:39.263,8.09025,8.09146,1.19,1.00
2014.06.10 12:19:40.133,8.09025,8.09136,1.19,1.00
2014.06.10 12:19:41.046,8.09031,8.09136,1.19,1.00
2014.06.10 12:19:41.352,8.09014,8.09136,1.19,1.00
2014.06.10 12:19:41.403,8.0901,8.09146,1.19,1.00
2014.06.10 12:19:41.554,8.08992,8.09116,1.19,1.00
2014.06.10 12:19:41.774,8.08992,8.09136,1.19,1.00
2014.06.10 12:19:42.874,8.08994,8.09136,1.19,1.00
2014.06.10 12:19:43.266,8.08994,8.09126,1.19,1.00
2014.06.10 12:19:43.868,8.08979,8.09136,1.19,1.19
2014.06.10 12:19:43.970,8.08964,8.09136,1.19,1.69
2014.06.10 12:19:45.359,8.08969,8.09136,1.19,1.19
2014.06.10 12:19:47.855,8.08963,8.09136,1.19,1.69
2014.06.10 12:19:49.482,8.0896,8.09136,1.19,1.69
2014.06.10 12:19:50.864,8.0896,8.09136,1.19,1.69
2014.06.10 12:19:51.837,8.08983,8.09136,1.00,1.19
2014.06.10 12:19:51.888,8.09003,8.09136,1.00,1.00
2014.06.10 12:19:51.939,8.09003,8.09146,1.00,1.00
2014.06.10 12:19:51.989,8.09035,8.09146,1.19,1.00
2014.06.10 12:19:52.091,8.09035,8.09166,1.19,1.00
2014.06.10 12:19:52.142,8.09035,8.09136,1.19,1.50
2014.06.10 12:19:52.192,8.09003,8.09136,1.19,1.50
2014.06.10 12:19:53.607,8.08994,8.09136,1.19,1.50
2014.06.10 12:19:53.828,8.08994,8.09126,1.19,1.00
2014.06.10 12:19:54.870,8.08992,8.09126,1.19,1.00
2014.06.10 12:19:54.921,8.08992,8.09136,1.19,1.50
2014.06.10 12:19:55.894,8.08984,8.09136,1.19,1.50
2014.06.10 12:19:58.832,8.08983,8.09136,1.19,1.69
2014.06.10 12:19:59.967,8.08984,8.09136,1.19,1.50
2014.06.10 12:20:00.965,8.08979,8.09136,1.19,1.69
2014.06.10 12:20:01.970,8.08981,8.09136,1.19,1.69
2014.06.10 12:20:03.316,8.08977,8.09136,1.19,1.69
2014.06.10 12:20:04.817,8.08976,8.09136,1.19,1.69
2014.06.10 12:20:06.530,8.08967,8.09136,1.19,1.69
2014.06.10 12:20:08.903,8.08972,8.09136,1.19,1.69
2014.06.10 12:20:09.890,8.08971,8.09136,1.19,1.69
2014.06.10 12:20:10.930,8.08965,8.09136,1.19,1.69
2014.06.10 12:20:11.930,8.08962,8.09136,1.19,1.69
2014.06.10 12:20:12.911,8.08959,8.09136,1.19,1.69
2014.06.10 12:20:13.956,8.08959,8.09136,1.19,1.69
2014.06.10 12:20:17.108,8.08959,8.09136,1.19,1.69
2014.06.10 12:20:18.117,8.0896,8.09136,1.19,1.69
2014.06.10 12:20:20.034,8.08988,8.09136,1.19,1.50
2014.06.10 12:20:24.189,8.08959,8.09136,1.19,1.50
2014.06.10 12:20:24.260,8.08973,8.09136,1.19,1.50
2014.06.10 12:20:25.925,8.08973,8.09136,1.19,1.69
2014.06.10 12:20:26.609,8.08971,8.09136,1.19,1.69
2014.06.10 12:20:33.249,8.08976,8.09136,1.19,1.50
2014.06.10 12:20:34.554,8.08981,8.09136,1.19,1.50
2014.06.10 12:20:35.576,8.08975,8.09136,1.19,1.50
2014.06.10 12:20:36.566,8.08973,8.09136,1.19,1.69
2014.06.10 12:20:38.853,8.08973,8.09136,1.19,1.69
2014.06.10 12:20:40.060,8.08973,8.09136,1.19,1.69
2014.06.10 12:20:41.604,8.08973,8.09134,1.19,1.00
2014.06.10 12:20:42.229,8.08973,8.09136,1.19,1.69
2014.06.10 12:20:43.072,8.08973,8.09136,1.19,1.69
2014.06.10 12:20:44.100,8.08967,8.09136,1.19,1.69
2014.06.10 12:20:48.097,8.08971,8.09136,1.19,1.69
2014.06.10 12:20:49.101,8.08972,8.09136,1.19,1.69
2014.06.10 12:20:50.884,8.08977,8.09136,1.19,1.69
2014.06.10 12:20:53.119,8.08976,8.09136,1.19,1.19
2014.06.10 12:20:54.211,8.08976,8.09136,1.19,1.25
2014.06.10 12:20:55.955,8.08974,8.09136,1.19,1.19
2014.06.10 12:20:56.925,8.08979,8.09136,1.19,1.25
2014.06.10 12:20:58.151,8.08978,8.09136,1.19,1.19
2014.06.10 12:20:59.037,8.08977,8.09136,1.19,1.19
2014.06.10 12:21:00.042,8.08975,8.09136,1.19,1.19
2014.06.10 12:21:01.047,8.0898,8.09136,1.19,1.25
2014.06.10 12:21:02.965,8.08974,8.09136,1.19,1.19
2014.06.10 12:21:06.461,8.08958,8.09136,1.19,1.19
2014.06.10 12:21:07.647,8.08963,8.09136,1.19,1.19
2014.06.10 12:21:08.707,8.08965,8.09136,1.19,1.19
2014.06.10 12:21:10.360,8.08967,8.09136,1.19,1.19
2014.06.10 12:21:11.814,8.0897,8.09136,1.19,1.25
2014.06.10 12:21:12.868,8.08973,8.09148,1.19,1.19
2014.06.10 12:21:13.507,8.08973,8.09138,1.19,1.00
2014.06.10 12:21:13.608,8.08958,8.0913,1.19,1.19
2014.06.10 12:21:14.780,8.08959,8.0913,1.19,1.19
2014.06.10 12:21:15.934,8.08958,8.09138,1.19,1.19
2014.06.10 12:21:17.314,8.08958,8.09138,1.19,1.19
2014.06.10 12:21:18.589,8.08971,8.09146,1.19,1.19
2014.06.10 12:21:24.617,8.08971,8.09146,1.19,1.19
2014.06.10 12:21:25.206,8.08962,8.09131,1.19,1.00
2014.06.10 12:21:26.120,8.08962,8.09145,1.19,1.19
2014.06.10 12:21:26.221,8.0896,8.09155,1.19,1.19
2014.06.10 12:21:26.535,8.08983,8.09166,1.19,1.19
2014.06.10 12:21:27.451,8.08983,8.09173,1.19,1.19
2014.06.10 12:21:35.647,8.08998,8.09166,1.19,1.19
2014.06.10 12:21:36.955,8.08998,8.09166,1.19,1.19
2014.06.10 12:21:41.463,8.08998,8.09166,1.19,1.19
2014.06.10 12:21:43.475,8.08998,8.09166,1.19,1.19
2014.06.10 12:21:44.614,8.08998,8.09166,1.19,1.19
2014.06.10 12:21:46.097,8.08998,8.09156,1.19,1.19
2014.06.10 12:21:47.238,8.08998,8.09156,1.19,1.19
2014.06.10 12:21:48.407,8.08998,8.09156,1.19,1.19
2014.06.10 12:21:49.467,8.08998,8.09156,1.19,1.19
2014.06.10 12:21:50.692,8.08998,8.09156,1.19,1.19
2014.06.10 12:21:53.707,8.08998,8.09156,1.19,1.19
2014.06.10 12:21:56.121,8.08998,8.09156,1.19,1.19
2014.06.10 12:21:57.878,8.08998,8.09156,1.19,1.19
2014.06.10 12:21:59.639,8.08998,8.09156,1.19,1.19
2014.06.10 12:22:01.047,8.08998,8.09156,1.19,1.19
2014.06.10 12:22:02.454,8.08998,8.09156,1.19,1.19
2014.06.10 12:22:03.768,8.08998,8.09156,1.19,1.19
2014.06.10 12:22:04.648,8.08998,8.09156,1.19,1.19
2014.06.10 12:22:05.972,8.08998,8.09156,1.19,1.19
2014.06.10 12:22:07.067,8.08998,8.09156,1.19,1.19
2014.06.10 12:22:10.310,8.08998,8.09156,1.19,1.19
2014.06.10 12:22:14.222,8.08998,8.09156,1.19,1.19
2014.06.10 12:22:15.868,8.08998,8.09156,1.19,1.19
2014.06.10 12:22:21.858,8.08998,8.09156,1.19,1.00
2014.06.10 12:22:23.945,8.08998,8.09156,1.19,1.19
2014.06.10 12:22:24.887,8.08998,8.09166,1.19,1.19
2014.06.10 12:22:26.087,8.09007,8.09166,1.19,1.25
2014.06.10 12:22:27.183,8.09006,8.09166,1.19,1.19
2014.06.10 12:22:28.303,8.09007,8.09166,1.19,1.19
2014.06.10 12:22:29.424,8.09003,8.09166,1.19,1.19
2014.06.10 12:22:30.416,8.09003,8.09166,1.19,1.19
2014.06.10 12:22:31.395,8.09004,8.09166,1.19,1.19
2014.06.10 12:22:33.306,8.09003,8.09166,1.19,1.19
2014.06.10 12:22:34.348,8.08995,8.09166,1.19,1.19
2014.06.10 12:22:35.341,8.08996,8.09166,1.19,1.19
2014.06.10 12:22:37.304,8.08996,8.09146,1.19,1.00
2014.06.10 12:22:37.355,8.08993,8.09146,1.69,1.00
2014.06.10 12:22:38.349,8.08993,8.09146,1.69,1.00
2014.06.10 12:22:38.560,8.08993,8.09156,1.69,1.19
2014.06.10 12:22:39.314,8.08993,8.09156,1.69,1.25
2014.06.10 12:22:40.621,8.08993,8.09156,1.19,1.19
2014.06.10 12:22:43.970,8.08993,8.09156,1.69,1.19
2014.06.10 12:22:45.678,8.08995,8.09156,1.19,1.19
2014.06.10 12:22:46.705,8.09024,8.09166,1.19,1.00
2014.06.10 12:22:48.070,8.09032,8.09166,1.19,1.00
2014.06.10 12:22:49.882,8.09016,8.09166,1.19,1.00
2014.06.10 12:22:50.863,8.09016,8.09176,1.19,1.19
2014.06.10 12:22:51.268,8.09024,8.09176,1.19,1.00
2014.06.10 12:22:52.529,8.09025,8.09176,1.19,1.00
2014.06.10 12:22:52.957,8.09025,8.09196,1.19,1.79
2014.06.10 12:22:53.715,8.09038,8.09196,1.19,1.79
2014.06.10 12:22:54.826,8.09033,8.09196,1.19,1.79
2014.06.10 12:22:55.331,8.09033,8.09166,1.19,1.00
2014.06.10 12:22:55.855,8.09016,8.09166,1.19,1.00
2014.06.10 12:22:56.321,8.09016,8.09176,1.19,1.19
2014.06.10 12:22:57.267,8.09019,8.09176,1.19,1.19
2014.06.10 12:22:58.295,8.09015,8.09176,1.19,1.19
2014.06.10 12:22:59.248,8.09013,8.09176,1.19,1.19
2014.06.10 12:23:03.681,8.0901,8.09176,1.19,1.19
2014.06.10 12:23:05.500,8.09005,8.09176,1.19,1.19
2014.06.10 12:23:08.404,8.09005,8.09176,1.19,1.19
2014.06.10 12:23:10.423,8.09009,8.09176,1.19,1.19
2014.06.10 12:23:11.458,8.09016,8.09176,1.19,1.25
2014.06.10 12:23:13.833,8.09003,8.09176,1.19,1.19
2014.06.10 12:23:14.868,8.09009,8.09176,1.19,1.19
2014.06.10 12:23:16.692,8.09015,8.09176,1.19,1.00
2014.06.10 12:23:17.323,8.09015,8.09156,1.19,1.00
2014.06.10 12:23:17.750,8.09013,8.09156,1.19,1.00
2014.06.10 12:23:18.691,8.09013,8.09176,1.19,1.19
2014.06.10 12:23:19.778,8.09011,8.09176,1.19,1.19
2014.06.10 12:23:20.917,8.09015,8.09186,1.19,1.19
2014.06.10 12:23:22.029,8.09011,8.09186,1.19,1.19
2014.06.10 12:23:23.138,8.09011,8.09186,1.19,1.19
2014.06.10 12:23:26.852,8.0901,8.0916,1.19,2.10
2014.06.10 12:23:26.902,8.0898,8.09096,1.00,1.00
2014.06.10 12:23:26.953,8.08949,8.09096,1.00,1.00
2014.06.10 12:23:27.054,8.08936,8.09096,1.00,1.00
2014.06.10 12:23:27.105,8.08976,8.09126,1.19,1.50
2014.06.10 12:23:27.409,8.09,8.09136,1.19,1.00
2014.06.10 12:23:28.295,8.09,8.09146,1.19,1.00
2014.06.10 12:23:28.346,8.09,8.09166,1.19,1.19
2014.06.10 12:23:28.901,8.09001,8.09166,1.19,1.19
2014.06.10 12:23:29.204,8.09001,8.09156,1.19,1.00
2014.06.10 12:23:30.063,8.09001,8.09176,1.19,1.19
2014.06.10 12:23:30.214,8.08993,8.09176,1.69,1.19
2014.06.10 12:23:31.440,8.08996,8.09176,1.19,1.19
2014.06.10 12:23:32.450,8.08996,8.09176,1.19,1.19
2014.06.10 12:23:33.425,8.08996,8.09176,1.19,1.19
2014.06.10 12:23:34.658,8.08996,8.09176,1.19,1.19
2014.06.10 12:23:35.829,8.08996,8.09176,1.19,1.19
2014.06.10 12:23:38.040,8.08996,8.09176,1.19,1.19
2014.06.10 12:23:39.657,8.08996,8.09176,1.19,1.19
2014.06.10 12:23:40.118,8.09004,8.09156,1.19,1.00
2014.06.10 12:23:40.841,8.09004,8.09156,1.19,1.00
2014.06.10 12:23:41.194,8.09004,8.09166,1.19,1.25
2014.06.10 12:23:41.867,8.09004,8.09146,1.19,1.00
2014.06.10 12:23:42.843,8.08997,8.09166,1.19,1.25
2014.06.10 12:23:43.061,8.08999,8.09166,1.19,1.00
2014.06.10 12:23:45.157,8.08997,8.09166,1.19,1.19
2014.06.10 12:23:46.100,8.08997,8.09166,1.19,1.19
2014.06.10 12:23:48.092,8.08997,8.09166,1.19,1.19
2014.06.10 12:23:49.119,8.08997,8.09166,1.19,1.19
2014.06.10 12:23:49.670,8.08997,8.09146,1.19,1.00
2014.06.10 12:23:50.186,8.08997,8.09146,1.19,1.00
2014.06.10 12:23:50.662,8.08997,8.09166,1.19,1.19
2014.06.10 12:23:51.603,8.08997,8.09166,1.19,1.19
2014.06.10 12:23:53.111,8.08997,8.09166,1.69,1.19
2014.06.10 12:23:54.656,8.08997,8.09166,1.19,1.19
2014.06.10 12:23:55.732,8.08997,8.09166,1.19,1.19
2014.06.10 12:23:56.888,8.08997,8.09156,1.69,1.00
2014.06.10 12:23:58.092,8.08997,8.09137,1.69,1.00
2014.06.10 12:23:58.427,8.08997,8.09137,1.19,1.00
2014.06.10 12:23:59.402,8.08997,8.09166,1.19,1.00
2014.06.10 12:23:59.453,8.09024,8.09166,1.19,1.00
2014.06.10 12:23:59.757,8.09037,8.09146,1.19,1.00
2014.06.10 12:23:59.859,8.09005,8.09156,1.19,1.00
2014.06.10 12:24:00.188,8.09005,8.09136,1.19,1.00
2014.06.10 12:24:00.866,8.09003,8.09136,1.19,1.00
2014.06.10 12:24:01.168,8.09003,8.09166,1.19,1.19
2014.06.10 12:24:01.384,8.09012,8.09186,1.19,1.69
2014.06.10 12:24:01.487,8.09035,8.09186,1.19,1.50
2014.06.10 12:24:01.815,8.09035,8.09156,1.19,1.00
2014.06.10 12:24:02.468,8.09049,8.09156,1.19,1.00
2014.06.10 12:24:03.519,8.09049,8.09156,1.19,1.00
2014.06.10 12:24:04.654,8.09049,8.09156,1.19,1.00
2014.06.10 12:24:05.802,8.09049,8.09156,1.19,1.00
2014.06.10 12:24:06.885,8.09049,8.09156,1.19,1.00
2014.06.10 12:24:07.185,8.09049,8.09146,1.19,1.00
2014.06.10 12:24:09.824,8.09049,8.09146,1.19,1.00
2014.06.10 12:24:10.799,8.09049,8.09146,1.19,1.00
2014.06.10 12:24:11.343,8.09049,8.09136,1.19,1.00
2014.06.10 12:24:11.818,8.09049,8.09136,1.19,1.00
2014.06.10 12:24:13.133,8.09049,8.09136,1.19,1.00
2014.06.10 12:24:14.159,8.09049,8.09136,1.19,1.00
2014.06.10 12:24:15.132,8.09049,8.09116,1.19,1.00
2014.06.10 12:24:15.435,8.09049,8.09103,1.19,1.00
2014.06.10 12:24:15.993,8.09049,8.09246,1.19,2.29
2014.06.10 12:24:16.389,8.09049,8.09244,1.19,1.19
2014.06.10 12:24:17.393,8.09049,8.09245,1.19,1.54
2014.06.10 12:24:18.359,8.09049,8.09246,1.19,3.04
2014.06.10 12:24:19.798,8.09049,8.09243,1.19,1.19
2014.06.10 12:24:21.006,8.09049,8.09246,1.19,2.29
2014.06.10 12:24:23.023,8.09049,8.09238,1.19,1.19
2014.06.10 12:24:23.593,8.09043,8.09122,1.19,1.00
2014.06.10 12:24:24.133,8.09024,8.0912,1.19,1.00
2014.06.10 12:24:25.793,8.09024,8.09136,1.19,1.00
2014.06.10 12:24:26.275,8.09049,8.09136,1.19,1.00
2014.06.10 12:24:28.338,8.09049,8.09136,1.19,1.00
2014.06.10 12:24:30.407,8.09049,8.09136,1.19,1.00
2014.06.10 12:24:31.111,8.09049,8.09116,1.19,1.00
2014.06.10 12:24:31.568,8.09027,8.09116,1.19,1.00
2014.06.10 12:24:32.573,8.09027,8.09116,1.19,1.00
2014.06.10 12:24:33.680,8.09027,8.09116,1.19,1.00
2014.06.10 12:24:34.803,8.09024,8.09116,1.19,1.00
2014.06.10 12:24:36.018,8.09024,8.09116,1.19,1.00
2014.06.10 12:24:39.601,8.09024,8.09116,1.19,1.00
2014.06.10 12:24:41.010,8.09024,8.09116,1.19,1.00
2014.06.10 12:24:42.525,8.09024,8.09116,1.19,1.00
2014.06.10 12:24:43.998,8.09024,8.09116,1.19,1.00
2014.06.10 12:24:45.210,8.09024,8.09116,1.19,1.00
2014.06.10 12:24:46.316,8.09027,8.09116,1.19,1.00
2014.06.10 12:24:47.322,8.09027,8.09116,1.19,1.00
2014.06.10 12:24:48.669,8.09024,8.09116,1.19,1.00
2014.06.10 12:24:49.743,8.09024,8.09116,1.19,1.00
2014.06.10 12:24:50.761,8.09024,8.09116,1.19,1.00
2014.06.10 12:24:51.770,8.09024,8.09116,1.19,1.00
2014.06.10 12:24:53.359,8.09024,8.09116,1.19,1.00
2014.06.10 12:24:54.498,8.09024,8.09116,1.19,1.00
2014.06.10 12:24:54.846,8.09024,8.09106,1.19,1.00
2014.06.10 12:24:55.570,8.09024,8.09106,1.19,1.00
2014.06.10 12:24:57.513,8.09024,8.09106,1.19,1.00
2014.06.10 12:24:58.527,8.09024,8.09106,1.19,1.00
2014.06.10 12:25:00.601,8.09024,8.09106,1.19,1.00
2014.06.10 12:25:01.387,8.09017,8.09126,1.19,1.00
2014.06.10 12:25:01.594,8.09015,8.09116,1.19,1.00
2014.06.10 12:25:01.645,8.0901,8.09116,1.19,1.00
2014.06.10 12:25:02.159,8.0901,8.09126,1.19,1.00
2014.06.10 12:25:02.853,8.09018,8.09126,1.19,1.00
2014.06.10 12:25:02.904,8.09018,8.09176,1.19,1.00
2014.06.10 12:25:03.107,8.0902,8.09166,1.19,1.00
2014.06.10 12:25:03.411,8.09044,8.09166,1.19,1.00
2014.06.10 12:25:03.563,8.09044,8.09176,1.19,1.00
2014.06.10 12:25:04.148,8.09048,8.09186,1.19,1.00
2014.06.10 12:25:04.363,8.09048,8.09166,1.19,1.00
2014.06.10 12:25:04.667,8.09048,8.09176,1.19,1.00
2014.06.10 12:25:05.671,8.09048,8.09186,1.19,1.00
2014.06.10 12:25:05.886,8.09048,8.09196,1.19,1.00
2014.06.10 12:25:06.119,8.09048,8.09186,1.19,1.00
2014.06.10 12:25:07.039,8.09048,8.09186,1.19,1.00
2014.06.10 12:25:07.356,8.09048,8.09196,1.19,1.00
2014.06.10 12:25:08.325,8.09048,8.09196,1.19,1.00
2014.06.10 12:25:09.538,8.09048,8.09196,1.19,1.00
2014.06.10 12:25:09.901,8.09048,8.09207,1.19,1.19
2014.06.10 12:25:11.084,8.09049,8.09216,1.19,1.19
2014.06.10 12:25:11.430,8.09049,8.09207,1.19,1.00
2014.06.10 12:25:12.390,8.09048,8.09207,1.19,1.00
2014.06.10 12:25:14.650,8.09049,8.09207,1.19,1.00
2014.06.10 12:25:16.902,8.09048,8.09207,1.19,1.19
2014.06.10 12:25:17.891,8.09048,8.09207,1.19,1.00
2014.06.10 12:25:20.097,8.09048,8.09186,1.19,1.00
2014.06.10 12:25:21.419,8.09048,8.09186,1.19,1.00
2014.06.10 12:25:22.182,8.09048,8.09186,1.19,1.00
2014.06.10 12:25:22.401,8.09048,8.09196,1.19,1.00
2014.06.10 12:25:23.286,8.09048,8.09196,1.19,1.00
2014.06.10 12:25:23.610,8.09048,8.09186,1.19,1.00
2014.06.10 12:25:24.822,8.09048,8.09186,1.19,1.00
2014.06.10 12:25:25.149,8.09048,8.09166,1.19,1.00
2014.06.10 12:25:25.359,8.09048,8.09186,1.19,1.00
2014.06.10 12:25:26.342,8.09048,8.09186,1.19,1.00
2014.06.10 12:25:26.568,8.09048,8.09196,1.19,1.00
2014.06.10 12:25:27.337,8.09048,8.09206,1.19,1.19
2014.06.10 12:25:28.450,8.09048,8.09176,1.19,1.00
2014.06.10 12:25:28.551,8.09048,8.09176,1.19,1.00
2014.06.10 12:25:28.663,8.09048,8.09186,1.19,1.00
2014.06.10 12:25:29.556,8.09048,8.09206,1.19,1.19
2014.06.10 12:25:29.912,8.09048,8.09197,1.19,1.00
2014.06.10 12:25:30.646,8.09048,8.09197,1.19,1.00
2014.06.10 12:25:31.131,8.09048,8.09166,1.19,1.00
2014.06.10 12:25:31.311,8.09048,8.09186,1.19,1.00
2014.06.10 12:25:31.916,8.09048,8.09186,1.19,1.00
2014.06.10 12:25:32.312,8.09048,8.09206,1.19,1.19
2014.06.10 12:25:33.024,8.09048,8.09196,1.19,1.00
2014.06.10 12:25:33.861,8.09032,8.09186,1.19,1.00
2014.06.10 12:25:34.064,8.09029,8.09186,1.19,1.00
2014.06.10 12:25:34.115,8.09029,8.09196,1.19,1.19
2014.06.10 12:25:34.993,8.09059,8.09226,1.00,1.19
2014.06.10 12:25:35.329,8.09059,8.09186,1.19,1.00
2014.06.10 12:25:35.430,8.09059,8.09196,1.19,1.00
2014.06.10 12:25:35.733,8.09039,8.09177,1.19,1.00
2014.06.10 12:25:35.834,8.09039,8.09206,1.19,1.19
2014.06.10 12:25:36.154,8.09039,8.09196,1.19,1.00
2014.06.10 12:25:36.528,8.09039,8.09186,1.19,1.00
2014.06.10 12:25:36.579,8.09039,8.09186,1.19,1.00
2014.06.10 12:25:36.812,8.09039,8.09176,1.19,1.00
2014.06.10 12:25:37.189,8.09039,8.09186,1.19,1.00
2014.06.10 12:25:37.364,8.09039,8.09196,1.19,1.00
2014.06.10 12:25:38.057,8.09039,8.09196,1.19,1.19
2014.06.10 12:25:38.401,8.09039,8.09176,1.19,1.00
2014.06.10 12:25:38.573,8.09039,8.09186,1.19,1.00
2014.06.10 12:25:38.904,8.09039,8.09196,1.19,1.19
2014.06.10 12:25:39.781,8.09039,8.09176,1.19,1.00
2014.06.10 12:25:40.084,8.09039,8.09176,1.19,1.00
2014.06.10 12:25:40.135,8.09039,8.09186,1.19,1.00
2014.06.10 12:25:40.335,8.09039,8.09196,1.19,1.19
2014.06.10 12:25:41.202,8.09039,8.09196,1.19,1.25
2014.06.10 12:25:42.277,8.09039,8.09216,1.19,1.19
2014.06.10 12:25:43.184,8.09068,8.09196,1.19,1.00
2014.06.10 12:25:43.336,8.09068,8.09216,1.19,1.19
2014.06.10 12:25:43.703,8.09068,8.09206,1.25,1.19
2014.06.10 12:25:44.973,8.09034,8.09206,1.19,1.19
2014.06.10 12:25:46.002,8.09034,8.09206,1.19,1.19
2014.06.10 12:25:47.078,8.09034,8.09206,1.19,1.19
2014.06.10 12:25:47.611,8.09034,8.09186,1.19,1.00
2014.06.10 12:25:48.424,8.09034,8.09186,1.19,1.19
2014.06.10 12:25:48.885,8.09034,8.09224,1.19,1.19
2014.06.10 12:25:49.191,8.09034,8.09176,1.19,1.00
2014.06.10 12:25:49.359,8.09034,8.09186,1.19,1.19
2014.06.10 12:25:49.893,8.09034,8.09196,1.19,1.19
2014.06.10 12:25:51.627,8.09034,8.09206,1.19,1.19
2014.06.10 12:25:52.944,8.09034,8.09206,1.19,1.19
2014.06.10 12:25:54.148,8.09034,8.09206,1.19,1.19
2014.06.10 12:25:55.363,8.09034,8.09206,1.19,1.19
2014.06.10 12:25:58.032,8.09034,8.09206,1.19,1.19
2014.06.10 12:25:59.031,8.09034,8.09206,1.19,1.19
2014.06.10 12:25:59.547,8.09034,8.09196,1.19,1.19
2014.06.10 12:26:00.558,8.09054,8.09226,1.19,1.19
2014.06.10 12:26:01.563,8.09054,8.09196,1.19,1.00
2014.06.10 12:26:02.644,8.09054,8.09196,1.19,1.25
2014.06.10 12:26:08.039,8.09054,8.09196,1.19,1.19
2014.06.10 12:26:10.157,8.09054,8.09196,1.00,1.19
2014.06.10 12:26:11.202,8.09054,8.09196,1.19,1.19
2014.06.10 12:26:12.396,8.09054,8.09196,1.19,1.00
2014.06.10 12:26:13.878,8.09054,8.09196,1.69,1.00
2014.06.10 12:26:14.101,8.09054,8.09206,1.69,1.19
2014.06.10 12:26:15.638,8.09044,8.09226,1.19,1.19
2014.06.10 12:26:18.177,8.0905,8.09236,1.19,1.19
2014.06.10 12:26:20.088,8.09064,8.09216,1.19,1.19
2014.06.10 12:26:21.300,8.09064,8.09216,1.19,1.19
2014.06.10 12:26:28.005,8.09064,8.09206,1.00,1.19
2014.06.10 12:26:29.186,8.09064,8.09206,1.19,1.19
2014.06.10 12:26:29.362,8.09064,8.09196,1.19,1.00
2014.06.10 12:26:30.402,8.09064,8.09196,1.19,1.00
2014.06.10 12:26:31.332,8.09064,8.09196,1.19,1.00
2014.06.10 12:26:32.849,8.09064,8.09196,1.19,1.00
2014.06.10 12:26:34.669,8.09064,8.09196,1.19,1.00
2014.06.10 12:26:35.880,8.09064,8.09196,1.19,1.00
2014.06.10 12:26:36.944,8.09064,8.09196,1.19,1.00
2014.06.10 12:26:37.963,8.09064,8.09196,1.19,1.00
2014.06.10 12:26:39.389,8.09064,8.09196,1.00,1.25
2014.06.10 12:26:39.939,8.09053,8.09196,1.19,1.25
2014.06.10 12:26:40.388,8.09049,8.09196,1.19,1.19
2014.06.10 12:26:41.333,8.09049,8.09216,1.19,1.19
2014.06.10 12:26:42.382,8.09049,8.09226,1.19,1.19
2014.06.10 12:26:43.589,8.09051,8.09206,1.19,1.19
2014.06.10 12:26:44.688,8.0904,8.09187,1.19,1.00
2014.06.10 12:26:44.890,8.09017,8.09176,1.19,1.00
2014.06.10 12:26:45.300,8.09017,8.09166,1.19,1.00
2014.06.10 12:26:46.378,8.09009,8.09166,1.19,1.19
2014.06.10 12:26:48.412,8.09009,8.09166,1.19,1.19
2014.06.10 12:26:48.716,8.09009,8.09137,1.19,1.00
2014.06.10 12:26:49.626,8.09004,8.09156,1.19,1.19
2014.06.10 12:26:49.937,8.09004,8.09126,1.19,1.00
2014.06.10 12:26:50.938,8.09004,8.09126,1.19,1.00
2014.06.10 12:26:51.826,8.09004,8.09146,1.19,1.00
2014.06.10 12:26:55.531,8.09004,8.09126,1.19,1.00
2014.06.10 12:26:56.635,8.09004,8.09156,1.19,1.19
2014.06.10 12:26:57.886,8.09004,8.09156,1.19,1.19
2014.06.10 12:26:59.743,8.09004,8.09156,1.19,1.19
2014.06.10 12:27:02.441,8.09004,8.09156,1.19,1.19
2014.06.10 12:27:04.681,8.09004,8.09156,1.19,1.19
2014.06.10 12:27:08.350,8.09004,8.09156,1.19,1.19
2014.06.10 12:27:09.360,8.09004,8.09156,1.19,1.19
2014.06.10 12:27:10.659,8.09004,8.09156,1.19,1.19
2014.06.10 12:27:11.969,8.09004,8.09156,1.19,1.19
2014.06.10 12:27:13.487,8.09004,8.09156,1.19,1.19
2014.06.10 12:27:14.615,8.09004,8.09156,1.19,1.19
2014.06.10 12:27:15.335,8.09004,8.09156,1.19,1.25
2014.06.10 12:27:16.434,8.09004,8.09156,1.19,1.19
2014.06.10 12:27:18.386,8.09004,8.09176,1.19,1.19
2014.06.10 12:27:18.866,8.09004,8.09146,1.19,1.00
2014.06.10 12:27:19.376,8.09004,8.09146,1.19,1.00
2014.06.10 12:27:19.873,8.09004,8.09166,1.19,1.19
2014.06.10 12:27:20.567,8.09004,8.09166,1.19,1.19
2014.06.10 12:27:21.772,8.09004,8.09166,1.19,1.19
2014.06.10 12:27:23.114,8.09004,8.09166,1.19,1.19
2014.06.10 12:27:24.789,8.09004,8.09166,1.19,1.19
2014.06.10 12:27:25.795,8.09004,8.09166,1.19,1.19
2014.06.10 12:27:28.336,8.09004,8.09166,1.19,1.19
2014.06.10 12:27:32.009,8.09004,8.09176,1.19,1.19
2014.06.10 12:27:32.909,8.09004,8.09156,1.19,1.00
2014.06.10 12:27:33.767,8.09004,8.09156,1.19,1.25
2014.06.10 12:27:38.185,8.09004,8.09176,1.19,1.19
2014.06.10 12:27:41.998,8.09004,8.09176,1.19,1.19
2014.06.10 12:27:43.925,8.09004,8.09176,1.19,1.19
2014.06.10 12:27:45.417,8.09004,8.09176,1.19,1.19
2014.06.10 12:27:47.330,8.08979,8.09176,1.19,1.19
2014.06.10 12:27:49.665,8.0898,8.09176,1.19,1.19
2014.06.10 12:27:51.505,8.08999,8.09177,1.19,1.19
2014.06.10 12:27:53.013,8.08997,8.09177,1.19,1.19
2014.06.10 12:27:57.001,8.08996,8.09177,1.19,1.19
2014.06.10 12:27:58.846,8.08985,8.09186,1.19,1.19
2014.06.10 12:27:59.660,8.08985,8.09151,1.19,1.00
2014.06.10 12:28:00.588,8.08983,8.09151,1.19,1.00
2014.06.10 12:28:00.845,8.08983,8.09176,1.19,1.19
2014.06.10 12:28:04.212,8.08981,8.09176,1.19,1.19
2014.06.10 12:28:04.618,8.08981,8.09146,1.19,1.00
2014.06.10 12:28:05.659,8.08983,8.09146,1.19,1.00
2014.06.10 12:28:06.830,8.0898,8.09146,1.19,1.00
2014.06.10 12:28:08.432,8.0898,8.09126,1.19,1.00
2014.06.10 12:28:08.843,8.08975,8.09126,1.19,1.00
2014.06.10 12:28:10.977,8.08967,8.09126,1.19,1.00
2014.06.10 12:28:11.820,8.08967,8.09136,1.19,1.19
2014.06.10 12:28:12.600,8.08967,8.09136,1.19,1.19
2014.06.10 12:28:12.920,8.08967,8.09126,1.19,1.00
2014.06.10 12:28:15.817,8.08969,8.09126,1.19,1.00
2014.06.10 12:28:16.748,8.08969,8.09116,1.19,1.00
2014.06.10 12:28:17.023,8.08967,8.09116,1.19,1.00
2014.06.10 12:28:18.028,8.08967,8.09116,1.19,1.00
2014.06.10 12:28:19.100,8.08963,8.09116,1.19,1.00
2014.06.10 12:28:20.108,8.08959,8.09116,1.69,1.00
2014.06.10 12:28:22.058,8.08959,8.09116,1.69,1.00
2014.06.10 12:28:25.134,8.08959,8.09116,1.19,1.00
2014.06.10 12:28:26.901,8.08959,8.09116,1.19,1.00
2014.06.10 12:28:29.698,8.08959,8.09116,1.19,1.00
2014.06.10 12:28:30.862,8.08959,8.09116,1.19,1.00
2014.06.10 12:28:35.098,8.08959,8.09116,1.19,1.00
2014.06.10 12:28:39.190,8.08964,8.09116,1.19,1.00
2014.06.10 12:28:41.902,8.08964,8.09116,1.19,1.25
2014.06.10 12:28:44.186,8.08964,8.09116,1.19,1.19
2014.06.10 12:28:45.608,8.08964,8.09116,1.19,1.00
2014.06.10 12:28:47.302,8.08964,8.09116,1.19,1.00
2014.06.10 12:28:49.012,8.08964,8.09116,1.19,1.25
2014.06.10 12:28:50.167,8.08964,8.09116,1.19,1.00
2014.06.10 12:28:51.530,8.08964,8.09116,1.19,1.00
2014.06.10 12:28:51.834,8.09015,8.09156,1.19,1.19
2014.06.10 12:28:52.087,8.08999,8.09146,1.19,1.00
2014.06.10 12:28:52.392,8.08999,8.09136,1.19,1.00
2014.06.10 12:28:53.042,8.08999,8.09136,1.19,1.19
2014.06.10 12:28:53.406,8.08999,8.09127,1.19,1.00
2014.06.10 12:28:55.424,8.08999,8.09127,1.25,1.00
2014.06.10 12:28:55.891,8.08999,8.09116,1.25,1.00
2014.06.10 12:28:56.886,8.08999,8.09126,1.00,1.19
2014.06.10 12:29:00.356,8.08999,8.09126,1.00,1.19
2014.06.10 12:29:01.982,8.08999,8.09126,1.00,1.19
2014.06.10 12:29:06.059,8.08999,8.09126,1.00,1.25
2014.06.10 12:29:10.296,8.08999,8.09126,1.19,1.00
2014.06.10 12:29:10.890,8.08999,8.09116,1.19,1.00
2014.06.10 12:29:11.693,8.08999,8.09116,1.00,1.00
2014.06.10 12:29:12.900,8.08999,8.09116,1.19,1.00
2014.06.10 12:29:14.609,8.08999,8.09116,1.00,1.00
2014.06.10 12:29:17.061,8.08999,8.09136,1.00,1.19
2014.06.10 12:29:17.428,8.08999,8.09136,1.19,1.00
2014.06.10 12:29:17.530,8.08999,8.09136,1.19,1.00
2014.06.10 12:29:19.595,8.08999,8.09136,1.19,1.00
2014.06.10 12:29:20.529,8.08999,8.09136,1.19,1.00
2014.06.10 12:29:21.092,8.08999,8.09116,1.19,1.00
2014.06.10 12:29:21.874,8.08999,8.09116,1.19,1.00
2014.06.10 12:29:22.069,8.08999,8.09146,1.19,1.25
2014.06.10 12:29:23.615,8.08999,8.09146,1.19,1.19
2014.06.10 12:29:24.749,8.08999,8.09146,1.19,1.19
2014.06.10 12:29:25.057,8.08999,8.09116,1.19,1.00
2014.06.10 12:29:27.340,8.08999,8.09116,1.19,1.00
2014.06.10 12:29:30.852,8.08999,8.09116,1.19,1.00
2014.06.10 12:29:32.605,8.08999,8.09136,1.19,1.19
2014.06.10 12:29:33.609,8.08999,8.09117,1.19,1.00
2014.06.10 12:29:34.143,8.08974,8.09116,1.69,1.00
2014.06.10 12:29:34.194,8.08974,8.09116,1.19,1.00
2014.06.10 12:29:34.911,8.0896,8.09096,1.19,1.00
2014.06.10 12:29:35.981,8.08952,8.09096,1.19,1.00
2014.06.10 12:29:40.319,8.08961,8.09146,1.19,2.44
2014.06.10 12:29:40.622,8.08961,8.09106,1.19,1.00
2014.06.10 12:29:41.615,8.08994,8.09146,1.19,1.19
2014.06.10 12:29:41.975,8.08994,8.09116,1.19,1.00
2014.06.10 12:29:42.894,8.08994,8.09116,1.19,1.00
2014.06.10 12:29:43.899,8.08994,8.09116,1.19,1.00
2014.06.10 12:29:45.002,8.08994,8.09116,1.19,1.00
2014.06.10 12:29:46.508,8.08994,8.09116,1.19,1.00
2014.06.10 12:29:49.345,8.08994,8.09116,1.19,1.00
2014.06.10 12:29:50.605,8.08994,8.09116,1.19,1.00
2014.06.10 12:29:53.319,8.08994,8.09116,1.19,1.00
2014.06.10 12:29:54.455,8.08994,8.09116,1.19,1.00
2014.06.10 12:29:55.660,8.08994,8.09116,1.19,1.00
2014.06.10 12:29:56.771,8.08994,8.09116,1.19,1.00
2014.06.10 12:29:57.841,8.08994,8.09116,1.19,1.00
2014.06.10 12:29:59.976,8.08994,8.09116,1.19,1.00
2014.06.10 12:30:01.461,8.08994,8.09116,1.19,1.00
2014.06.10 12:30:03.048,8.08994,8.09116,1.19,1.00
2014.06.10 12:30:04.252,8.08994,8.09116,1.19,1.00
2014.06.10 12:30:06.969,8.08994,8.09116,1.19,1.00
2014.06.10 12:30:07.385,8.08994,8.09136,1.19,1.19
2014.06.10 12:30:08.410,8.08994,8.09136,1.19,1.00
2014.06.10 12:30:08.770,8.08994,8.09107,1.19,1.00
2014.06.10 12:30:10.811,8.08994,8.09107,1.19,1.00
2014.06.10 12:30:11.168,8.08994,8.09116,1.19,1.00
2014.06.10 12:30:12.041,8.08994,8.09116,1.19,1.00
2014.06.10 12:30:12.144,8.08994,8.09106,1.19,1.00
2014.06.10 12:30:14.307,8.08994,8.09106,1.19,1.00
2014.06.10 12:30:15.478,8.08994,8.09106,1.19,1.00
2014.06.10 12:30:16.485,8.08994,8.09106,1.19,1.00
2014.06.10 12:30:16.615,8.08994,8.09126,1.19,1.00
2014.06.10 12:30:17.014,8.08994,8.09131,1.19,1.00
2014.06.10 12:30:17.571,8.08994,8.09151,1.19,1.19
2014.06.10 12:30:17.622,8.08994,8.09151,1.19,1.19
2014.06.10 12:30:18.996,8.08994,8.09151,1.19,1.00
2014.06.10 12:30:21.011,8.08994,8.09151,1.19,1.19
2014.06.10 12:30:23.019,8.08994,8.09151,1.19,1.19
2014.06.10 12:30:23.434,8.08994,8.09126,1.19,1.00
2014.06.10 12:30:24.370,8.08994,8.09126,1.19,1.00
2014.06.10 12:30:25.646,8.08994,8.09126,1.19,1.00
2014.06.10 12:30:26.861,8.08994,8.09117,1.19,1.00
2014.06.10 12:30:27.836,8.08994,8.09117,1.19,1.00
2014.06.10 12:30:29.914,8.08994,8.09117,1.19,1.00
2014.06.10 12:30:30.368,8.08994,8.09117,1.19,1.00
2014.06.10 12:30:30.418,8.08994,8.09152,1.19,1.00
2014.06.10 12:30:32.160,8.08994,8.09131,1.19,1.00
2014.06.10 12:30:33.045,8.08994,8.09131,1.19,1.00
2014.06.10 12:30:33.146,8.08994,8.09116,1.19,1.00
2014.06.10 12:30:39.677,8.08994,8.09116,1.19,1.00
2014.06.10 12:30:40.987,8.08994,8.09116,1.19,1.00
2014.06.10 12:30:43.584,8.08977,8.09116,1.19,1.00
2014.06.10 12:30:43.869,8.08977,8.09126,1.19,1.00
2014.06.10 12:30:44.779,8.08977,8.09126,1.19,1.00
2014.06.10 12:30:45.887,8.08977,8.09126,1.19,1.00
2014.06.10 12:30:47.100,8.08977,8.09126,1.19,1.00
2014.06.10 12:30:49.408,8.08979,8.09126,1.19,1.00
2014.06.10 12:30:50.707,8.08978,8.09126,1.19,1.00
2014.06.10 12:30:51.830,8.08979,8.09126,1.19,1.00
2014.06.10 12:30:52.868,8.08978,8.09126,1.19,1.00
2014.06.10 12:30:54.138,8.08977,8.09126,1.69,1.00
2014.06.10 12:30:56.118,8.08977,8.09126,1.19,1.00
2014.06.10 12:30:58.125,8.08977,8.09126,1.19,1.00
2014.06.10 12:30:59.358,8.08977,8.09126,1.69,1.00
2014.06.10 12:31:05.853,8.08977,8.09136,1.19,1.00
2014.06.10 12:31:06.899,8.08979,8.09136,1.19,1.00
2014.06.10 12:31:09.063,8.08978,8.09136,1.19,1.00
2014.06.10 12:31:10.077,8.0898,8.09136,1.19,1.00
2014.06.10 12:31:10.417,8.0898,8.09126,1.19,1.00
2014.06.10 12:31:11.903,8.08984,8.09126,1.19,1.00
2014.06.10 12:31:12.290,8.08984,8.09146,1.19,1.00
2014.06.10 12:31:13.445,8.08991,8.09146,1.19,1.00
2014.06.10 12:31:13.658,8.08991,8.09136,1.19,1.00
2014.06.10 12:31:14.600,8.08981,8.09136,1.19,1.00
2014.06.10 12:31:14.927,8.08981,8.09126,1.19,1.00
2014.06.10 12:31:17.397,8.08981,8.09116,1.19,1.00
2014.06.10 12:31:17.605,8.08981,8.09126,1.19,1.00
2014.06.10 12:31:19.548,8.08981,8.09126,1.19,1.00
2014.06.10 12:31:21.933,8.08978,8.09126,1.19,1.00
2014.06.10 12:31:24.609,8.0898,8.09126,1.19,1.00
2014.06.10 12:31:28.079,8.08986,8.09126,1.19,1.00
2014.06.10 12:31:30.457,8.08978,8.09126,1.19,1.00
2014.06.10 12:31:30.881,8.08967,8.09096,1.19,1.00
2014.06.10 12:31:31.580,8.08966,8.09096,1.19,1.00
2014.06.10 12:31:31.869,8.08966,8.09127,1.19,1.00
2014.06.10 12:31:33.375,8.08966,8.09127,1.19,1.00
2014.06.10 12:31:34.617,8.08968,8.09127,1.19,1.00
2014.06.10 12:31:35.688,8.08966,8.09127,1.69,1.00
2014.06.10 12:31:36.971,8.08966,8.09116,1.69,1.00
2014.06.10 12:31:37.080,8.08966,8.09126,1.69,1.00
2014.06.10 12:31:37.722,8.08966,8.09126,1.19,1.00
2014.06.10 12:31:39.069,8.08966,8.09106,1.19,1.00
2014.06.10 12:31:40.390,8.08966,8.09106,1.19,1.00
2014.06.10 12:31:41.630,8.08966,8.09096,1.19,1.00
2014.06.10 12:31:42.618,8.08961,8.09106,1.19,1.00
2014.06.10 12:31:42.946,8.08958,8.09096,1.19,1.00
2014.06.10 12:31:43.565,8.08951,8.09096,1.19,1.00
2014.06.10 12:31:44.558,8.08951,8.09106,1.19,1.00
2014.06.10 12:31:44.659,8.08951,8.09106,1.19,1.00
2014.06.10 12:31:44.811,8.08951,8.09096,1.19,1.00
2014.06.10 12:31:45.668,8.08951,8.09096,1.19,1.00
2014.06.10 12:31:46.747,8.08951,8.09096,1.19,1.00
2014.06.10 12:31:48.419,8.08951,8.09096,1.19,1.00
2014.06.10 12:31:49.635,8.08951,8.09096,1.19,1.25
2014.06.10 12:31:50.835,8.08951,8.09096,1.19,1.00
2014.06.10 12:31:51.833,8.08951,8.09096,1.19,1.00
2014.06.10 12:31:52.837,8.08951,8.09096,1.19,1.00
2014.06.10 12:31:54.142,8.08951,8.09096,1.19,1.00
2014.06.10 12:31:55.772,8.08951,8.09096,1.19,1.00
2014.06.10 12:31:56.999,8.08951,8.09096,1.19,1.00
2014.06.10 12:31:58.363,8.08951,8.09096,1.19,1.00
2014.06.10 12:31:59.838,8.08951,8.09096,1.19,1.00
2014.06.10 12:32:00.845,8.08951,8.09096,1.19,1.00
2014.06.10 12:32:01.851,8.08951,8.09096,1.19,1.00
2014.06.10 12:32:03.160,8.08951,8.09096,1.19,1.00
2014.06.10 12:32:04.914,8.08948,8.09096,1.19,1.00
2014.06.10 12:32:07.208,8.08948,8.09096,1.19,1.00
2014.06.10 12:32:09.850,8.08948,8.09096,1.19,1.00
2014.06.10 12:32:11.787,8.08948,8.09076,1.19,1.00
2014.06.10 12:32:12.191,8.08948,8.09076,1.19,1.00
2014.06.10 12:32:12.694,8.08948,8.09086,1.19,1.00
2014.06.10 12:32:13.528,8.08948,8.09086,1.19,1.00
2014.06.10 12:32:14.697,8.08948,8.09086,1.19,1.00
2014.06.10 12:32:15.804,8.08948,8.09086,1.19,1.00
2014.06.10 12:32:17.051,8.08948,8.09086,1.19,1.00
2014.06.10 12:32:18.059,8.08948,8.09086,1.19,1.00
2014.06.10 12:32:18.607,8.08948,8.09077,1.19,1.00
2014.06.10 12:32:19.429,8.08948,8.09077,1.19,1.00
2014.06.10 12:32:20.650,8.08948,8.09077,1.19,1.00
2014.06.10 12:32:28.781,8.08948,8.09077,1.19,1.00
2014.06.10 12:32:29.340,8.08948,8.09046,1.19,1.00
2014.06.10 12:32:29.543,8.08943,8.09066,1.19,1.00
2014.06.10 12:32:29.857,8.08943,8.09097,1.19,1.00
2014.06.10 12:32:29.908,8.08943,8.09097,1.19,1.19
2014.06.10 12:32:30.110,8.08952,8.09076,1.19,1.00
2014.06.10 12:32:31.188,8.08951,8.09086,1.19,1.00
2014.06.10 12:32:32.221,8.08952,8.09086,1.19,1.00
2014.06.10 12:32:33.260,8.08944,8.09086,1.19,1.19
2014.06.10 12:32:33.362,8.08921,8.09086,1.19,1.19
2014.06.10 12:32:33.825,8.0891,8.09046,1.19,1.00
2014.06.10 12:32:34.164,8.08902,8.09036,1.19,1.00
2014.06.10 12:32:34.469,8.08916,8.09026,1.19,1.00
2014.06.10 12:32:34.671,8.08927,8.09026,1.00,1.00
2014.06.10 12:32:34.722,8.08907,8.09026,1.19,1.00
2014.06.10 12:32:35.737,8.08881,8.09056,1.19,1.19
2014.06.10 12:32:35.863,8.08876,8.09056,1.19,1.19
2014.06.10 12:32:36.379,8.08876,8.09046,1.19,1.00
2014.06.10 12:32:36.816,8.08876,8.09033,1.19,1.00
2014.06.10 12:32:37.097,8.08866,8.09033,1.19,1.00
2014.06.10 12:32:37.198,8.08896,8.09056,1.19,1.19
2014.06.10 12:32:37.604,8.08876,8.09028,1.19,1.00
2014.06.10 12:32:38.169,8.08866,8.09028,1.19,1.00
2014.06.10 12:32:38.907,8.08845,8.09026,1.19,1.19
2014.06.10 12:32:39.161,8.08845,8.09008,1.19,1.00
2014.06.10 12:32:39.263,8.08849,8.09036,1.19,2.44
2014.06.10 12:32:40.612,8.08849,8.09033,1.19,1.19
2014.06.10 12:32:41.980,8.08879,8.09016,1.00,1.19
2014.06.10 12:32:42.183,8.08879,8.09076,1.19,1.19
2014.06.10 12:32:43.916,8.08914,8.09071,1.00,1.19
2014.06.10 12:32:46.116,8.08914,8.09071,1.19,1.19
2014.06.10 12:32:46.944,8.08917,8.09076,1.19,1.19
2014.06.10 12:32:47.147,8.08937,8.09106,1.00,1.19
2014.06.10 12:32:47.349,8.08939,8.09096,1.19,1.00
2014.06.10 12:32:48.517,8.08937,8.09096,1.69,1.00
2014.06.10 12:32:48.725,8.08989,8.09096,1.00,1.00
2014.06.10 12:32:58.181,8.08989,8.09076,1.00,1.00
2014.06.10 12:32:59.421,8.08989,8.09096,1.00,1.00
2014.06.10 12:33:07.703,8.08989,8.09096,1.00,1.19
2014.06.10 12:33:08.695,8.08989,8.09096,1.00,1.00
2014.06.10 12:33:09.883,8.08989,8.09067,1.00,1.00
2014.06.10 12:33:30.386,8.08989,8.09076,1.00,1.00
2014.06.10 12:33:30.569,8.08989,8.09066,1.00,1.00
2014.06.10 12:33:48.165,8.08989,8.09076,1.00,1.00
2014.06.10 12:33:48.703,8.08938,8.09076,1.19,1.00
2014.06.10 12:33:48.859,8.08938,8.09076,1.19,1.00
2014.06.10 12:33:50.320,8.08938,8.09076,1.19,1.00
2014.06.10 12:33:51.837,8.08938,8.09076,1.00,1.00
2014.06.10 12:33:54.119,8.08938,8.09076,1.19,1.00
2014.06.10 12:33:55.752,8.08942,8.09076,1.19,1.00
2014.06.10 12:33:57.339,8.08938,8.09076,1.19,1.00
2014.06.10 12:33:59.754,8.08938,8.09076,1.00,1.00
2014.06.10 12:34:02.520,8.08945,8.09076,1.00,1.00
2014.06.10 12:34:02.866,8.08944,8.09076,1.19,1.00
2014.06.10 12:34:04.564,8.08937,8.09076,1.19,1.00
2014.06.10 12:34:06.088,8.08944,8.09076,1.19,1.00
2014.06.10 12:34:09.696,8.08944,8.09076,1.19,1.00
2014.06.10 12:34:10.198,8.08946,8.09076,1.19,1.00
2014.06.10 12:34:11.026,8.08946,8.09086,1.19,1.00
2014.06.10 12:34:11.499,8.08943,8.09076,1.19,1.00
2014.06.10 12:34:12.356,8.08943,8.09087,1.19,1.00
2014.06.10 12:34:12.523,8.08939,8.09087,1.00,1.00
2014.06.10 12:34:15.009,8.08951,8.09087,1.19,1.00
2014.06.10 12:34:16.121,8.08952,8.09087,1.19,1.00
2014.06.10 12:34:18.277,8.08939,8.09087,1.00,1.00
2014.06.10 12:34:19.578,8.08939,8.09019,1.00,1.00
2014.06.10 12:34:19.630,8.08918,8.09006,1.00,1.00
2014.06.10 12:34:19.681,8.08894,8.09006,1.19,1.00
2014.06.10 12:34:19.833,8.08894,8.09086,1.19,1.69
2014.06.10 12:34:20.155,8.08894,8.09056,1.19,1.00
2014.06.10 12:34:20.478,8.08894,8.09066,1.19,1.19
2014.06.10 12:34:21.646,8.08919,8.09086,1.19,1.69
2014.06.10 12:34:22.615,8.08909,8.09086,1.19,1.69
2014.06.10 12:34:23.409,8.08892,8.09078,1.19,1.19
2014.06.10 12:34:25.029,8.08905,8.09078,1.19,1.19
2014.06.10 12:34:25.587,8.08905,8.09062,1.19,1.00
2014.06.10 12:34:26.155,8.08895,8.09062,1.19,1.19
2014.06.10 12:34:26.614,8.08895,8.09036,1.19,1.00
2014.06.10 12:34:26.925,8.08895,8.09026,1.19,1.00
2014.06.10 12:34:27.078,8.08878,8.09026,1.19,1.00
2014.06.10 12:34:27.448,8.08878,8.09036,1.19,1.00
2014.06.10 12:34:27.500,8.08878,8.09032,1.19,1.00
2014.06.10 12:34:27.845,8.08878,8.09056,1.19,1.19
2014.06.10 12:34:28.146,8.0891,8.09067,1.19,1.19
2014.06.10 12:34:28.453,8.08945,8.09086,1.19,1.00
2014.06.10 12:34:28.916,8.08945,8.09017,1.19,1.00
2014.06.10 12:34:28.967,8.08926,8.09017,1.69,1.00
2014.06.10 12:34:29.955,8.0892,8.09017,1.19,1.00
2014.06.10 12:34:31.019,8.08922,8.09017,1.19,1.00
2014.06.10 12:34:31.308,8.08922,8.09007,1.19,1.00
2014.06.10 12:34:31.460,8.08917,8.09007,1.19,1.00
2014.06.10 12:34:31.662,8.08913,8.08996,1.19,1.00
2014.06.10 12:34:31.865,8.08912,8.09006,1.19,1.00
2014.06.10 12:34:32.615,8.08896,8.08996,1.19,1.00
2014.06.10 12:34:32.884,8.08874,8.08976,1.19,1.00
2014.06.10 12:34:33.405,8.08874,8.08966,1.19,1.00
2014.06.10 12:34:33.635,8.08874,8.08976,1.19,1.00
2014.06.10 12:34:34.475,8.0886,8.08976,1.19,1.00
2014.06.10 12:34:34.835,8.0886,8.08956,1.19,1.00
2014.06.10 12:34:36.058,8.08859,8.08956,1.19,1.00
2014.06.10 12:34:36.840,8.08858,8.08956,1.19,1.00
2014.06.10 12:34:37.137,8.08858,8.09006,1.19,1.00
2014.06.10 12:34:37.390,8.08858,8.08967,1.19,1.00
2014.06.10 12:34:37.966,8.08858,8.08966,1.19,1.00
2014.06.10 12:34:38.574,8.08859,8.08966,1.19,1.00
2014.06.10 12:34:39.794,8.08861,8.08966,1.19,1.00
2014.06.10 12:34:40.126,8.08861,8.09007,1.19,1.00
2014.06.10 12:34:40.329,8.08861,8.08966,1.19,1.00
2014.06.10 12:34:41.419,8.08861,8.08967,1.19,1.00
2014.06.10 12:34:41.622,8.0885,8.08967,1.19,1.00
2014.06.10 12:34:42.721,8.08849,8.08967,1.19,1.00
2014.06.10 12:34:43.636,8.08849,8.09007,1.19,1.00
2014.06.10 12:34:43.856,8.08849,8.08966,1.19,1.00
2014.06.10 12:34:44.623,8.08883,8.08976,1.19,1.00
2014.06.10 12:34:45.056,8.08883,8.08966,1.19,1.00
2014.06.10 12:34:45.834,8.08855,8.08966,1.19,1.00
2014.06.10 12:34:45.936,8.08855,8.09006,1.19,1.00
2014.06.10 12:34:46.138,8.08855,8.08996,1.19,1.00
2014.06.10 12:34:46.784,8.08855,8.08986,1.19,1.00
2014.06.10 12:34:47.554,8.08855,8.08996,1.19,1.00
2014.06.10 12:34:47.815,8.08845,8.08996,1.19,1.00
2014.06.10 12:34:47.916,8.08845,8.09022,1.19,1.19
2014.06.10 12:34:48.635,8.08865,8.09046,1.19,1.19
2014.06.10 12:34:48.939,8.08894,8.09066,1.88,1.00
2014.06.10 12:34:49.040,8.0893,8.09066,1.19,1.00
2014.06.10 12:34:49.357,8.0893,8.09056,1.19,1.00
2014.06.10 12:34:50.116,8.0893,8.09086,1.19,1.00
2014.06.10 12:34:50.344,8.08929,8.09096,1.19,1.19
2014.06.10 12:34:51.177,8.08936,8.09096,1.19,1.00
2014.06.10 12:34:53.088,8.08935,8.09096,1.19,1.00
2014.06.10 12:34:56.189,8.08929,8.09096,1.19,1.19
2014.06.10 12:34:57.194,8.08937,8.09096,1.19,1.00
2014.06.10 12:34:57.555,8.0892,8.09096,1.00,1.19
2014.06.10 12:34:57.606,8.0892,8.09084,1.00,1.60
2014.06.10 12:34:57.910,8.08881,8.08967,1.19,1.00
2014.06.10 12:34:59.104,8.08876,8.08967,1.19,1.00
2014.06.10 12:34:59.375,8.08899,8.08967,1.19,1.00
2014.06.10 12:34:59.426,8.08899,8.09066,1.19,1.50
2014.06.10 12:34:59.477,8.08924,8.09066,1.19,1.50
2014.06.10 12:34:59.528,8.08924,8.09076,1.19,1.00
2014.06.10 12:34:59.629,8.08924,8.09057,1.19,1.00
2014.06.10 12:35:00.084,8.08924,8.09066,1.19,1.00
2014.06.10 12:35:00.384,8.08924,8.09056,1.19,1.00
2014.06.10 12:35:00.605,8.08924,8.09076,1.19,1.00
2014.06.10 12:35:00.706,8.08911,8.09076,1.19,1.00
2014.06.10 12:35:01.932,8.08912,8.09076,1.19,1.00
2014.06.10 12:35:03.358,8.08912,8.09096,1.19,1.19
2014.06.10 12:35:03.544,8.08912,8.09034,1.19,2.10
2014.06.10 12:35:03.595,8.08889,8.08976,1.00,1.00
2014.06.10 12:35:03.697,8.08874,8.08976,1.50,1.00
2014.06.10 12:35:03.798,8.08844,8.08976,1.69,1.00
2014.06.10 12:35:03.899,8.08807,8.08976,1.19,1.19
2014.06.10 12:35:05.118,8.08804,8.08976,1.19,1.19
2014.06.10 12:35:05.449,8.08804,8.08946,1.19,1.00
2014.06.10 12:35:06.419,8.08801,8.08946,1.19,1.00
2014.06.10 12:35:07.646,8.08795,8.08946,1.19,1.00
2014.06.10 12:35:11.134,8.08794,8.08946,1.19,1.00
2014.06.10 12:35:12.960,8.08795,8.08946,1.19,1.00
2014.06.10 12:35:14.712,8.08793,8.08946,1.19,1.00
2014.06.10 12:35:15.351,8.0881,8.08946,1.19,1.00
2014.06.10 12:35:15.402,8.0881,8.08962,1.19,1.00
2014.06.10 12:35:15.453,8.08824,8.08962,1.19,1.00
2014.06.10 12:35:15.503,8.08824,8.08996,1.19,1.69
2014.06.10 12:35:16.623,8.08835,8.09033,1.19,1.19
2014.06.10 12:35:18.046,8.08833,8.09026,1.19,1.19
2014.06.10 12:35:19.180,8.08829,8.09006,1.19,1.19
2014.06.10 12:35:20.149,8.08831,8.09006,1.19,1.19
2014.06.10 12:35:23.419,8.08825,8.09006,1.19,1.19
2014.06.10 12:35:25.790,8.08825,8.09006,1.19,1.19
2014.06.10 12:35:26.877,8.08825,8.09006,1.19,1.19
2014.06.10 12:35:30.176,8.08826,8.09006,1.19,1.19
2014.06.10 12:35:32.122,8.08829,8.09006,1.19,1.19
2014.06.10 12:35:33.373,8.0883,8.09006,1.19,1.19
2014.06.10 12:35:35.609,8.08825,8.09006,1.19,1.19
2014.06.10 12:35:37.732,8.08831,8.09006,1.19,1.19
2014.06.10 12:35:40.093,8.08834,8.09006,1.19,1.19
2014.06.10 12:35:44.132,8.08834,8.08956,1.19,1.00
2014.06.10 12:35:44.335,8.08813,8.08956,1.19,1.00
2014.06.10 12:35:45.347,8.08813,8.08956,1.19,1.00
2014.06.10 12:35:46.588,8.08826,8.08956,1.19,1.00
2014.06.10 12:35:46.639,8.08826,8.08988,1.19,1.00
2014.06.10 12:35:46.690,8.08854,8.09016,1.19,1.50
2014.06.10 12:35:46.842,8.08854,8.09036,1.19,1.19
2014.06.10 12:35:48.035,8.08864,8.0905,1.19,1.19
2014.06.10 12:35:49.192,8.0886,8.0905,1.19,1.19
2014.06.10 12:35:50.191,8.08862,8.09042,1.19,1.19
2014.06.10 12:35:51.173,8.08856,8.09042,1.19,1.19
2014.06.10 12:35:53.869,8.08859,8.09042,1.19,1.19
2014.06.10 12:35:54.370,8.08859,8.09022,1.19,1.00
2014.06.10 12:35:54.789,8.08842,8.09022,1.19,1.19
2014.06.10 12:35:55.784,8.08832,8.09006,1.19,1.19
2014.06.10 12:35:56.792,8.08829,8.09006,1.19,1.19
2014.06.10 12:35:57.146,8.0881,8.08996,1.19,1.19
2014.06.10 12:35:57.601,8.08793,8.08976,1.19,1.19
2014.06.10 12:35:58.707,8.08777,8.08956,1.19,1.19
2014.06.10 12:35:59.213,8.08759,8.08947,1.19,1.19
2014.06.10 12:36:00.640,8.08759,8.08912,1.19,1.00
2014.06.10 12:36:00.797,8.0875,8.08912,1.19,1.00
2014.06.10 12:36:01.424,8.0875,8.08935,1.19,1.79
2014.06.10 12:36:01.626,8.08733,8.08902,1.19,1.19
2014.06.10 12:36:03.121,8.08754,8.08922,1.19,1.19
2014.06.10 12:36:04.658,8.08769,8.08939,1.19,1.19
2014.06.10 12:36:05.838,8.08769,8.08939,1.19,1.19
2014.06.10 12:36:07.058,8.08769,8.08939,1.19,1.19
2014.06.10 12:36:07.668,8.08741,8.08939,1.19,1.19
2014.06.10 12:36:09.134,8.08742,8.08921,1.19,1.19
2014.06.10 12:36:10.172,8.08759,8.08936,1.69,1.19
2014.06.10 12:36:12.069,8.08769,8.08936,1.19,1.19
2014.06.10 12:36:13.101,8.08752,8.08936,1.19,1.19
2014.06.10 12:36:14.553,8.08749,8.0892,1.19,1.19
2014.06.10 12:36:14.888,8.08762,8.0892,1.19,1.00
2014.06.10 12:36:14.939,8.08762,8.08929,1.19,1.19
2014.06.10 12:36:15.367,8.08738,8.08933,1.19,2.29
2014.06.10 12:36:15.469,8.08724,8.08911,1.19,1.19
2014.06.10 12:36:16.486,8.08708,8.08891,1.19,1.19
2014.06.10 12:36:16.790,8.08708,8.08873,1.19,2.10
2014.06.10 12:36:16.891,8.08658,8.08826,1.00,1.50
2014.06.10 12:36:16.992,8.08667,8.08826,1.19,1.50
2014.06.10 12:36:17.194,8.08699,8.08834,1.00,1.00
2014.06.10 12:36:17.245,8.08699,8.08846,1.00,1.00
2014.06.10 12:36:17.397,8.08699,8.08826,1.00,1.00
2014.06.10 12:36:18.361,8.08699,8.08846,1.00,1.00
2014.06.10 12:36:19.588,8.08699,8.08846,1.19,1.19
2014.06.10 12:36:21.327,8.08699,8.08837,1.19,1.00
2014.06.10 12:36:21.378,8.08699,8.08837,1.00,1.00
2014.06.10 12:36:24.908,8.08699,8.08837,1.19,1.00
2014.06.10 12:36:25.323,8.08699,8.08837,1.69,1.00
2014.06.10 12:36:25.425,8.08725,8.08866,1.00,1.00
2014.06.10 12:36:25.526,8.08746,8.08866,1.19,1.00
2014.06.10 12:36:25.830,8.08715,8.08856,1.19,1.00
2014.06.10 12:36:25.881,8.08715,8.08886,1.19,1.19
2014.06.10 12:36:26.790,8.08711,8.08886,1.19,1.19
2014.06.10 12:36:27.103,8.08711,8.08876,1.19,1.00
2014.06.10 12:36:27.698,8.08684,8.08876,1.69,1.00
2014.06.10 12:36:27.749,8.08715,8.08876,1.00,1.00
2014.06.10 12:36:28.141,8.08733,8.08876,1.19,1.00
2014.06.10 12:36:28.902,8.08749,8.08876,1.00,1.00
2014.06.10 12:36:29.931,8.08749,8.08876,1.19,1.00
2014.06.10 12:36:32.128,8.08749,8.08876,1.19,1.00
2014.06.10 12:36:32.229,8.08749,8.08876,1.00,1.00
2014.06.10 12:36:32.342,8.08749,8.08846,1.00,1.00
2014.06.10 12:36:34.417,8.08749,8.08846,1.19,1.00
2014.06.10 12:36:36.714,8.08749,8.08846,1.25,1.00
2014.06.10 12:36:41.110,8.08749,8.08856,1.00,1.00
2014.06.10 12:36:41.160,8.08749,8.08856,1.19,1.00
2014.06.10 12:36:42.182,8.08749,8.08856,1.00,1.00
2014.06.10 12:36:44.320,8.08749,8.08856,1.19,1.00
2014.06.10 12:36:45.786,8.08749,8.08856,1.25,1.00
2014.06.10 12:36:49.717,8.08749,8.08856,1.19,1.00
2014.06.10 12:36:52.119,8.08749,8.08856,1.19,1.00
2014.06.10 12:36:54.337,8.08749,8.08856,1.19,1.00
2014.06.10 12:36:55.446,8.08749,8.08856,1.00,1.00
2014.06.10 12:36:56.683,8.08749,8.08856,1.19,1.00
2014.06.10 12:36:58.178,8.08749,8.08856,1.19,1.00
2014.06.10 12:36:59.560,8.08749,8.08856,1.19,1.00
2014.06.10 12:37:00.443,8.08749,8.08856,1.19,1.00
2014.06.10 12:37:02.156,8.08749,8.08856,1.19,1.00
2014.06.10 12:37:02.696,8.08749,8.08846,1.19,1.00
2014.06.10 12:37:03.664,8.08749,8.08846,1.00,1.00
2014.06.10 12:37:04.172,8.08749,8.08846,1.19,1.00
2014.06.10 12:37:05.283,8.08749,8.08846,1.19,1.00
2014.06.10 12:37:06.500,8.08749,8.08846,1.19,1.00
2014.06.10 12:37:07.709,8.08749,8.08846,1.19,1.00
2014.06.10 12:37:09.294,8.08749,8.08846,1.19,1.00
2014.06.10 12:37:11.307,8.08749,8.08846,1.00,1.00
2014.06.10 12:37:11.459,8.08749,8.08846,1.19,1.00
2014.06.10 12:37:16.009,8.08749,8.08846,1.19,1.00
2014.06.10 12:37:17.458,8.08749,8.08846,1.19,1.00
2014.06.10 12:37:18.666,8.08749,8.08846,1.19,1.00
2014.06.10 12:37:18.886,8.08749,8.08826,1.19,1.00
2014.06.10 12:37:20.856,8.08734,8.08826,1.19,1.00
2014.06.10 12:37:22.101,8.08734,8.08826,1.19,1.00
2014.06.10 12:37:23.838,8.08734,8.08826,1.19,1.00
2014.06.10 12:37:25.399,8.08742,8.08826,1.19,1.00
2014.06.10 12:37:29.322,8.08732,8.08826,1.19,1.00
2014.06.10 12:37:30.113,8.08732,8.08836,1.19,1.00
2014.06.10 12:37:30.318,8.08732,8.08836,1.19,1.00
2014.06.10 12:37:31.308,8.08732,8.08887,1.19,1.00
2014.06.10 12:37:31.479,8.08732,8.08887,1.50,1.00
2014.06.10 12:37:31.653,8.0874,8.08887,1.00,1.00
2014.06.10 12:37:34.566,8.08732,8.08887,1.50,1.00
2014.06.10 12:37:36.459,8.08741,8.08887,1.00,1.00
2014.06.10 12:37:36.995,8.08752,8.08886,1.00,1.00
2014.06.10 12:37:37.347,8.08761,8.08886,1.00,1.00
2014.06.10 12:37:37.966,8.0876,8.08886,1.00,1.00
2014.06.10 12:37:38.735,8.0876,8.08876,1.00,1.00
2014.06.10 12:37:41.157,8.08753,8.08876,1.00,1.00
2014.06.10 12:37:41.207,8.08753,8.08856,1.00,1.00
2014.06.10 12:37:43.348,8.08754,8.08856,1.19,1.00
2014.06.10 12:37:43.399,8.08754,8.08896,1.19,1.00
2014.06.10 12:37:43.551,8.08738,8.08896,1.69,1.00
2014.06.10 12:37:44.676,8.08739,8.08896,1.19,1.00
2014.06.10 12:37:45.643,8.08742,8.08896,1.19,1.00
2014.06.10 12:37:46.793,8.0874,8.08896,1.19,1.00
2014.06.10 12:37:48.478,8.08736,8.08896,1.19,1.00
2014.06.10 12:37:50.340,8.08742,8.08896,1.69,1.00
2014.06.10 12:37:51.324,8.08742,8.08886,1.69,1.00
2014.06.10 12:37:51.753,8.08765,8.08876,1.19,1.00
2014.06.10 12:37:52.456,8.08763,8.08876,1.19,1.00
2014.06.10 12:37:53.015,8.08763,8.08877,1.19,1.00
2014.06.10 12:37:53.586,8.08763,8.08877,1.19,1.00
2014.06.10 12:37:54.412,8.08763,8.08886,1.19,1.00
2014.06.10 12:37:55.292,8.08763,8.08886,1.19,1.00
2014.06.10 12:37:57.397,8.08763,8.08886,1.19,1.00
2014.06.10 12:37:58.394,8.08755,8.08896,1.19,1.00
2014.06.10 12:37:59.377,8.08743,8.08896,1.19,1.00
2014.06.10 12:38:07.729,8.08749,8.08896,1.19,1.00
2014.06.10 12:38:09.228,8.08749,8.08896,1.19,1.00
2014.06.10 12:38:10.536,8.08749,8.08896,1.19,1.00
2014.06.10 12:38:12.148,8.08749,8.08896,1.19,1.00
2014.06.10 12:38:14.819,8.08749,8.08896,1.19,1.00
2014.06.10 12:38:15.919,8.08749,8.08896,1.19,1.00
2014.06.10 12:38:20.538,8.08749,8.08896,1.19,1.00
2014.06.10 12:38:21.966,8.08749,8.08896,1.19,1.00
2014.06.10 12:38:22.846,8.08749,8.08866,1.19,1.00
2014.06.10 12:38:22.947,8.08749,8.08866,1.19,1.00
2014.06.10 12:38:23.908,8.08749,8.08866,1.19,1.00
2014.06.10 12:38:25.219,8.08749,8.08866,1.19,1.00
2014.06.10 12:38:27.155,8.08749,8.08866,1.19,1.00
2014.06.10 12:38:27.910,8.08749,8.08856,1.19,1.00
2014.06.10 12:38:28.786,8.08749,8.08856,1.19,1.00
2014.06.10 12:38:29.843,8.08753,8.08856,1.19,1.00
2014.06.10 12:38:29.894,8.08753,8.08826,1.19,1.00
2014.06.10 12:38:32.294,8.08753,8.08826,1.19,1.00
2014.06.10 12:38:33.694,8.08749,8.08826,1.19,1.00
2014.06.10 12:38:35.288,8.08749,8.08826,1.19,1.00
2014.06.10 12:38:37.377,8.08749,8.08826,1.19,1.00
2014.06.10 12:38:39.086,8.08749,8.08826,1.19,1.00
2014.06.10 12:38:42.010,8.08749,8.08826,1.19,1.00
2014.06.10 12:38:43.322,8.08749,8.08826,1.19,1.00
2014.06.10 12:38:44.604,8.08749,8.08826,1.19,1.00
2014.06.10 12:38:46.208,8.08749,8.08826,1.19,1.00
2014.06.10 12:38:48.124,8.08749,8.08826,1.19,1.00
2014.06.10 12:38:50.843,8.08749,8.08826,1.19,1.00
2014.06.10 12:38:52.215,8.08749,8.08826,1.19,1.00
2014.06.10 12:38:53.932,8.08749,8.08826,1.19,1.00
2014.06.10 12:38:55.142,8.08749,8.08826,1.19,1.00
2014.06.10 12:38:56.248,8.08749,8.08826,1.19,1.00
2014.06.10 12:38:58.230,8.08749,8.08816,1.19,1.00
2014.06.10 12:38:58.770,8.08749,8.08816,1.19,1.00
2014.06.10 12:38:58.821,8.08749,8.08811,1.19,1.00
2014.06.10 12:38:59.687,8.08749,8.08816,1.19,1.00
2014.06.10 12:39:02.088,8.08749,8.08816,1.19,1.00
2014.06.10 12:39:06.886,8.08754,8.08836,1.00,1.00
2014.06.10 12:39:07.926,8.08754,8.08836,1.19,1.00
2014.06.10 12:39:09.721,8.08754,8.08836,1.19,1.00
2014.06.10 12:39:10.764,8.08754,8.08836,1.19,1.00
2014.06.10 12:39:11.900,8.08762,8.08836,1.00,1.00
2014.06.10 12:39:12.910,8.08762,8.08836,1.19,1.00
2014.06.10 12:39:14.317,8.08762,8.08836,1.19,1.00
2014.06.10 12:39:16.076,8.08762,8.08826,1.19,1.00
2014.06.10 12:39:16.130,8.08762,8.08826,1.00,1.00
2014.06.10 12:39:17.870,8.08762,8.08832,1.25,1.00
2014.06.10 12:39:18.458,8.08753,8.08814,1.00,1.00
2014.06.10 12:39:18.509,8.08742,8.08812,1.25,1.00
2014.06.10 12:39:20.377,8.08734,8.08816,1.19,1.00
2014.06.10 12:39:20.619,8.08734,8.08816,1.19,1.00
2014.06.10 12:39:20.670,8.08734,8.08816,1.19,1.00
2014.06.10 12:39:25.570,8.08734,8.08816,1.19,1.00
2014.06.10 12:39:26.863,8.08734,8.08816,1.00,1.00
2014.06.10 12:39:27.365,8.08734,8.08798,1.00,1.00
2014.06.10 12:39:29.944,8.08724,8.08796,1.19,1.00
2014.06.10 12:39:32.870,8.08724,8.08799,1.19,1.00
2014.06.10 12:39:36.390,8.08731,8.08799,1.19,1.00
2014.06.10 12:39:37.495,8.08747,8.08801,1.19,1.00
2014.06.10 12:39:40.207,8.0873,8.08799,1.19,1.00
2014.06.10 12:39:43.604,8.08735,8.088,1.19,1.00
2014.06.10 12:39:44.661,8.08735,8.08806,1.19,1.00
2014.06.10 12:39:45.332,8.08736,8.08806,1.19,1.00
2014.06.10 12:39:46.867,8.08724,8.08806,1.19,1.00
2014.06.10 12:39:48.745,8.08724,8.08806,1.19,1.00
2014.06.10 12:39:50.353,8.08724,8.08806,1.19,1.00
2014.06.10 12:39:52.165,8.08724,8.08806,1.19,1.00
2014.06.10 12:39:55.291,8.08724,8.08806,1.19,1.00
2014.06.10 12:39:59.105,8.08724,8.08806,1.19,1.00
2014.06.10 12:40:00.378,8.08724,8.08806,1.00,1.00
2014.06.10 12:40:00.430,8.08724,8.08796,1.00,1.00
2014.06.10 12:40:01.284,8.08724,8.08798,1.19,1.00
2014.06.10 12:40:01.658,8.08724,8.0879,1.19,1.00
2014.06.10 12:40:02.292,8.08724,8.08789,1.19,1.00
2014.06.10 12:40:04.512,8.08724,8.08784,1.19,1.00
2014.06.10 12:40:06.518,8.08724,8.08784,1.00,1.00
2014.06.10 12:40:07.537,8.08724,8.08784,1.19,1.00
2014.06.10 12:40:09.270,8.08724,8.08804,1.19,1.00
2014.06.10 12:40:10.817,8.08724,8.08804,1.00,1.00
2014.06.10 12:40:11.365,8.08724,8.08877,1.00,1.50
2014.06.10 12:40:11.618,8.08724,8.08784,1.00,1.00
2014.06.10 12:40:11.670,8.08706,8.08776,1.19,1.00
2014.06.10 12:40:12.731,8.08681,8.08776,1.19,1.00
2014.06.10 12:40:14.541,8.08681,8.08776,1.19,1.00
2014.06.10 12:40:15.952,8.08679,8.08776,1.19,1.00
2014.06.10 12:40:17.609,8.08679,8.08776,1.19,1.00
2014.06.10 12:40:18.663,8.08679,8.08776,1.19,1.00
2014.06.10 12:40:19.570,8.08679,8.08776,1.19,1.00
2014.06.10 12:40:19.873,8.08706,8.08783,1.19,1.00
2014.06.10 12:40:20.816,8.08724,8.08783,1.00,1.00
2014.06.10 12:40:34.657,8.08724,8.08876,1.00,1.50
2014.06.10 12:40:38.285,8.08724,8.08804,1.00,1.00
2014.06.10 12:40:49.656,8.08724,8.088,1.00,1.00
2014.06.10 12:40:49.882,8.08724,8.08816,1.00,1.00
2014.06.10 12:40:49.983,8.08698,8.08816,1.19,1.00
2014.06.10 12:40:50.141,8.08698,8.08806,1.19,1.00
2014.06.10 12:40:50.819,8.0868,8.08806,1.19,1.00
2014.06.10 12:40:50.870,8.0868,8.08816,1.19,2.25
2014.06.10 12:40:51.132,8.0868,8.08796,1.19,1.00
2014.06.10 12:40:51.909,8.08676,8.08796,1.19,1.00
2014.06.10 12:40:52.074,8.08676,8.08816,1.19,2.25
2014.06.10 12:40:53.023,8.08683,8.08816,1.19,2.25
2014.06.10 12:40:54.112,8.08685,8.08816,1.19,1.50
2014.06.10 12:40:54.254,8.08685,8.08836,1.19,2.44
2014.06.10 12:40:54.411,8.08685,8.08806,1.19,1.00
2014.06.10 12:40:55.210,8.08696,8.08806,1.19,1.00
2014.06.10 12:41:00.716,8.0868,8.08806,1.19,1.00
2014.06.10 12:41:01.724,8.08693,8.08806,1.19,1.00
2014.06.10 12:41:04.135,8.08682,8.08806,1.19,1.00
2014.06.10 12:41:04.860,8.08682,8.08796,1.19,1.00
2014.06.10 12:41:05.596,8.08682,8.08756,1.19,1.00
2014.06.10 12:41:05.647,8.08665,8.08756,1.19,1.00
2014.06.10 12:41:06.835,8.08665,8.08776,1.19,1.00
2014.06.10 12:41:06.886,8.08669,8.08776,1.19,1.00
2014.06.10 12:41:08.110,8.08666,8.08776,1.19,1.00
2014.06.10 12:41:08.161,8.08666,8.08766,1.19,1.00
2014.06.10 12:41:08.703,8.08684,8.08806,1.19,1.00
2014.06.10 12:41:08.905,8.08684,8.08796,1.19,1.00
2014.06.10 12:41:10.849,8.08671,8.08796,1.19,2.25
2014.06.10 12:41:11.872,8.08664,8.08757,1.19,1.00
2014.06.10 12:41:12.074,8.08644,8.08757,1.19,1.00
2014.06.10 12:41:12.176,8.08639,8.08757,1.19,1.00
2014.06.10 12:41:12.328,8.08617,8.08736,1.19,1.00
2014.06.10 12:41:13.059,8.08617,8.08697,1.19,1.00
2014.06.10 12:41:14.069,8.08612,8.08697,1.19,1.00
2014.06.10 12:41:14.182,8.08612,8.08706,1.19,1.00
2014.06.10 12:41:14.375,8.08612,8.08727,1.19,1.00
2014.06.10 12:41:14.883,8.08612,8.08696,1.19,1.00
2014.06.10 12:41:15.186,8.086,8.08686,1.19,1.00
2014.06.10 12:41:16.585,8.08594,8.08686,1.19,1.00
2014.06.10 12:41:16.686,8.08594,8.08666,1.19,1.00
2014.06.10 12:41:16.888,8.08606,8.08686,1.19,1.00
2014.06.10 12:41:16.939,8.08604,8.08686,1.88,1.00
2014.06.10 12:41:16.990,8.08652,8.08686,1.19,1.00
2014.06.10 12:41:17.143,8.08625,8.08703,1.19,1.00
