2014.06.19 16:00:00.188,8.33549,8.33722,1.19,1.19
2014.06.19 16:00:01.228,8.33547,8.33719,1.19,1.19
2014.06.19 16:00:02.292,8.33561,8.33743,1.19,1.19
2014.06.19 16:00:02.597,8.33585,8.3376,1.19,1.19
2014.06.19 16:00:02.901,8.33598,8.3377,1.19,1.19
2014.06.19 16:00:03.603,8.33598,8.33746,1.19,2.10
2014.06.19 16:00:03.653,8.3357,8.33742,1.19,1.79
2014.06.19 16:00:04.647,8.33565,8.33735,1.19,2.29
2014.06.19 16:00:05.096,8.33565,8.33719,1.19,2.29
2014.06.19 16:00:06.054,8.33555,8.33719,1.19,2.29
2014.06.19 16:00:07.888,8.33531,8.33692,1.19,1.19
2014.06.19 16:00:08.091,8.33524,8.33696,1.19,1.00
2014.06.19 16:00:08.192,8.33524,8.33725,1.19,1.49
2014.06.19 16:00:08.293,8.33526,8.33732,1.19,1.36
2014.06.19 16:00:09.284,8.33541,8.33732,1.19,1.55
2014.06.19 16:00:09.848,8.33541,8.33724,1.19,1.90
2014.06.19 16:00:09.899,8.33509,8.33691,1.19,1.00
2014.06.19 16:00:10.001,8.33505,8.33696,1.00,1.00
2014.06.19 16:00:10.052,8.33494,8.33679,1.50,1.00
2014.06.19 16:00:10.362,8.33476,8.33654,1.19,1.19
2014.06.19 16:00:11.084,8.33474,8.33646,1.19,1.19
2014.06.19 16:00:12.109,8.33472,8.33646,1.19,1.19
2014.06.19 16:00:12.797,8.33488,8.33627,1.19,1.00
2014.06.19 16:00:12.949,8.33508,8.33656,1.19,1.00
2014.06.19 16:00:13.202,8.33533,8.33656,1.19,1.00
2014.06.19 16:00:13.253,8.33533,8.33677,1.19,1.00
2014.06.19 16:00:14.377,8.33533,8.33676,1.19,1.00
2014.06.19 16:00:15.033,8.33524,8.33676,1.19,1.19
2014.06.19 16:00:17.039,8.33524,8.33676,1.19,1.19
2014.06.19 16:00:23.402,8.33535,8.33697,1.19,1.19
2014.06.19 16:00:26.425,8.33534,8.33697,1.19,1.19
2014.06.19 16:00:29.406,8.33534,8.33682,1.19,1.00
2014.06.19 16:00:29.457,8.33531,8.33682,1.19,1.19
2014.06.19 16:00:30.840,8.3353,8.33674,1.19,1.00
2014.06.19 16:00:31.662,8.33515,8.33674,1.19,1.19
2014.06.19 16:00:32.705,8.33516,8.33688,1.19,1.19
2014.06.19 16:00:33.582,8.33498,8.33671,1.19,1.19
2014.06.19 16:00:33.891,8.33515,8.33687,1.19,1.19
2014.06.19 16:00:35.807,8.33517,8.33689,1.19,1.19
2014.06.19 16:00:38.462,8.33528,8.337,1.19,1.69
2014.06.19 16:00:39.428,8.33528,8.337,1.19,1.69
2014.06.19 16:00:40.433,8.33527,8.33699,1.19,1.19
2014.06.19 16:00:41.051,8.33486,8.3366,1.19,1.19
2014.06.19 16:00:42.052,8.33479,8.33651,1.19,1.19
2014.06.19 16:00:42.546,8.33492,8.33668,1.19,1.19
2014.06.19 16:00:42.698,8.33514,8.33668,1.19,1.19
2014.06.19 16:00:43.659,8.33516,8.33688,1.19,1.19
2014.06.19 16:00:44.860,8.33529,8.33701,1.19,1.19
2014.06.19 16:00:46.065,8.3351,8.33683,1.19,1.19
2014.06.19 16:00:46.167,8.335,8.33672,1.19,1.19
2014.06.19 16:00:47.347,8.33477,8.33651,1.19,1.19
2014.06.19 16:00:49.332,8.33443,8.33619,1.00,2.10
2014.06.19 16:00:49.383,8.33429,8.33619,1.00,2.10
2014.06.19 16:00:49.434,8.33403,8.33565,1.19,1.19
2014.06.19 16:00:50.042,8.33416,8.33588,1.19,1.19
2014.06.19 16:00:51.342,8.33409,8.33581,1.19,1.19
2014.06.19 16:00:52.152,8.33426,8.33598,1.19,1.19
2014.06.19 16:00:53.152,8.33429,8.33601,1.19,1.19
2014.06.19 16:00:54.161,8.33421,8.33593,1.19,1.19
2014.06.19 16:00:56.192,8.33422,8.33594,1.19,1.19
2014.06.19 16:00:57.154,8.33424,8.33596,1.19,1.19
2014.06.19 16:00:58.204,8.33425,8.33597,1.19,1.19
2014.06.19 16:01:00.167,8.33425,8.33597,1.19,1.19
2014.06.19 16:01:02.132,8.33391,8.33561,1.19,1.19
2014.06.19 16:01:03.153,8.33378,8.3355,1.19,1.19
2014.06.19 16:01:04.239,8.33366,8.33538,1.19,1.19
2014.06.19 16:01:05.225,8.33365,8.33537,1.19,1.19
2014.06.19 16:01:05.654,8.33343,8.33515,1.69,1.19
2014.06.19 16:01:06.939,8.33319,8.33491,1.19,1.19
2014.06.19 16:01:07.952,8.33315,8.33487,1.19,1.19
2014.06.19 16:01:08.969,8.33316,8.33488,1.19,1.19
2014.06.19 16:01:16.922,8.33314,8.33486,1.19,1.19
2014.06.19 16:01:21.932,8.33319,8.33491,1.19,1.19
2014.06.19 16:01:24.581,8.33291,8.3348,1.19,1.19
2014.06.19 16:01:24.884,8.33279,8.33451,1.19,1.19
2014.06.19 16:01:25.854,8.33262,8.33434,1.19,1.19
2014.06.19 16:01:26.871,8.33238,8.3341,1.19,1.19
2014.06.19 16:01:27.073,8.33217,8.33407,1.19,1.19
2014.06.19 16:01:27.175,8.33235,8.3341,1.19,1.19
2014.06.19 16:01:28.172,8.33249,8.33421,1.19,1.19
2014.06.19 16:01:28.380,8.33292,8.33449,1.19,1.19
2014.06.19 16:01:28.612,8.3331,8.33476,1.19,1.19
2014.06.19 16:01:28.972,8.33273,8.33476,1.19,1.19
2014.06.19 16:01:30.048,8.33281,8.33476,1.19,1.19
2014.06.19 16:01:30.150,8.33234,8.33413,1.00,1.00
2014.06.19 16:01:30.302,8.33234,8.33426,1.00,1.60
2014.06.19 16:01:30.353,8.33224,8.33426,1.19,1.19
2014.06.19 16:01:30.455,8.33239,8.33432,1.19,1.00
2014.06.19 16:01:30.759,8.33275,8.33452,1.19,1.19
2014.06.19 16:01:31.367,8.33251,8.33464,1.19,1.19
2014.06.19 16:01:32.328,8.33265,8.33451,1.19,1.19
2014.06.19 16:01:33.335,8.33265,8.33428,1.19,2.10
2014.06.19 16:01:33.638,8.33245,8.33417,1.19,1.19
2014.06.19 16:01:34.539,8.33237,8.33409,1.19,1.19
2014.06.19 16:01:35.546,8.33231,8.33403,1.19,1.19
2014.06.19 16:01:36.556,8.33234,8.33406,1.19,1.19
2014.06.19 16:01:38.500,8.33236,8.33408,1.19,1.19
2014.06.19 16:01:40.507,8.33237,8.33409,1.19,1.19
2014.06.19 16:01:41.562,8.33232,8.33404,1.19,1.19
2014.06.19 16:01:42.516,8.3323,8.33402,1.19,1.19
2014.06.19 16:01:44.224,8.33227,8.33399,1.19,1.19
2014.06.19 16:01:45.230,8.33229,8.33401,1.19,1.19
2014.06.19 16:01:45.551,8.33238,8.33428,1.19,2.29
2014.06.19 16:01:45.652,8.33265,8.3347,1.19,1.00
2014.06.19 16:01:45.754,8.33291,8.3347,1.19,1.19
2014.06.19 16:01:46.058,8.33243,8.33418,1.19,1.19
2014.06.19 16:01:46.947,8.33242,8.33414,1.19,1.19
2014.06.19 16:01:47.983,8.33243,8.33415,1.19,1.19
2014.06.19 16:01:48.986,8.3325,8.33422,1.19,1.19
2014.06.19 16:01:50.984,8.33243,8.33415,1.19,1.19
2014.06.19 16:01:51.906,8.33241,8.33413,1.19,1.19
2014.06.19 16:01:52.911,8.3324,8.33412,1.19,1.19
2014.06.19 16:01:53.641,8.33288,8.33466,1.19,1.19
2014.06.19 16:01:54.630,8.33292,8.33466,1.19,1.19
2014.06.19 16:01:55.629,8.33258,8.3343,1.19,1.79
2014.06.19 16:01:57.134,8.33241,8.33415,1.19,1.19
2014.06.19 16:01:58.151,8.33217,8.33389,1.19,1.19
2014.06.19 16:01:59.142,8.33212,8.33386,1.19,1.19
2014.06.19 16:01:59.861,8.33256,8.33396,1.19,2.10
2014.06.19 16:01:59.912,8.33256,8.33432,1.19,1.19
2014.06.19 16:02:00.013,8.33244,8.33443,1.19,1.00
2014.06.19 16:02:00.064,8.33271,8.33443,1.19,1.19
2014.06.19 16:02:01.305,8.33271,8.3341,1.19,2.10
2014.06.19 16:02:01.356,8.33237,8.33409,1.19,1.79
2014.06.19 16:02:01.559,8.33258,8.3341,1.19,2.10
2014.06.19 16:02:01.661,8.33272,8.33434,1.19,1.19
2014.06.19 16:02:02.660,8.33279,8.33453,1.19,1.19
2014.06.19 16:02:03.280,8.33279,8.33406,1.19,2.10
2014.06.19 16:02:03.382,8.33236,8.33406,1.19,3.04
2014.06.19 16:02:03.483,8.33236,8.33394,1.19,1.19
2014.06.19 16:02:05.407,8.33217,8.33389,1.19,1.19
2014.06.19 16:02:07.842,8.3323,8.33415,1.19,1.19
2014.06.19 16:02:07.943,8.33272,8.33444,1.19,1.19
2014.06.19 16:02:09.248,8.33275,8.33447,1.19,1.19
2014.06.19 16:02:09.590,8.33275,8.33402,1.19,2.10
2014.06.19 16:02:09.641,8.33225,8.33402,1.19,2.10
2014.06.19 16:02:10.071,8.33209,8.33384,1.19,1.19
2014.06.19 16:02:10.860,8.33227,8.33402,1.19,2.10
2014.06.19 16:02:10.911,8.33227,8.33439,1.19,1.19
2014.06.19 16:02:10.961,8.33287,8.33439,1.19,1.00
2014.06.19 16:02:11.164,8.33287,8.33468,1.19,1.19
2014.06.19 16:02:11.637,8.33272,8.33444,1.19,1.19
2014.06.19 16:02:12.039,8.33228,8.33451,1.00,1.19
2014.06.19 16:02:12.091,8.33228,8.3338,1.00,2.10
2014.06.19 16:02:12.192,8.33202,8.33377,1.19,2.29
2014.06.19 16:02:12.344,8.33245,8.33423,2.29,1.19
2014.06.19 16:02:12.446,8.33245,8.33423,2.29,1.00
2014.06.19 16:02:12.547,8.33291,8.3343,1.19,1.00
2014.06.19 16:02:12.598,8.33291,8.33449,1.19,1.19
2014.06.19 16:02:14.382,8.33247,8.33417,1.19,1.19
2014.06.19 16:02:14.685,8.33227,8.33394,1.19,1.19
2014.06.19 16:02:15.395,8.33273,8.33434,1.19,1.00
2014.06.19 16:02:15.547,8.33273,8.33449,1.19,1.00
2014.06.19 16:02:15.648,8.33273,8.33462,1.19,1.00
2014.06.19 16:02:15.750,8.33273,8.33477,1.19,1.19
2014.06.19 16:02:16.038,8.33285,8.33462,1.19,1.19
2014.06.19 16:02:17.553,8.33266,8.3344,1.19,1.19
2014.06.19 16:02:18.107,8.33247,8.33419,1.19,1.19
2014.06.19 16:02:20.123,8.33244,8.33416,1.19,1.19
2014.06.19 16:02:22.583,8.33253,8.33449,1.19,1.19
2014.06.19 16:02:22.686,8.33279,8.33449,1.19,1.19
2014.06.19 16:02:23.688,8.33283,8.33466,1.19,1.19
2014.06.19 16:02:24.052,8.33298,8.33483,1.19,1.19
2014.06.19 16:02:24.580,8.33277,8.33475,1.19,1.19
2014.06.19 16:02:24.682,8.33258,8.33443,1.19,1.19
2014.06.19 16:02:25.653,8.33259,8.33431,1.19,1.19
2014.06.19 16:02:27.661,8.33262,8.33434,1.19,1.19
2014.06.19 16:02:28.667,8.33258,8.3343,1.19,1.19
2014.06.19 16:02:29.674,8.33266,8.33438,1.19,1.19
2014.06.19 16:02:30.707,8.33268,8.3344,1.19,1.19
2014.06.19 16:02:31.688,8.33266,8.33438,1.19,1.19
2014.06.19 16:02:32.681,8.33268,8.3344,1.19,1.19
2014.06.19 16:02:33.711,8.33269,8.33441,1.19,1.19
2014.06.19 16:02:34.688,8.3327,8.33442,1.19,1.19
2014.06.19 16:02:35.693,8.33272,8.33444,1.19,1.19
2014.06.19 16:02:36.698,8.33273,8.33445,1.19,1.19
2014.06.19 16:02:38.851,8.33279,8.33451,1.19,1.19
2014.06.19 16:02:40.327,8.33287,8.33478,1.19,1.19
2014.06.19 16:02:40.428,8.33311,8.33481,1.19,1.00
2014.06.19 16:02:40.479,8.33311,8.3349,1.19,1.19
2014.06.19 16:02:40.632,8.33326,8.33514,1.19,1.00
2014.06.19 16:02:41.144,8.33326,8.33535,1.19,1.19
2014.06.19 16:02:41.655,8.33336,8.33537,1.19,1.19
2014.06.19 16:02:42.891,8.33365,8.33552,1.19,1.19
2014.06.19 16:02:43.870,8.33366,8.33552,1.19,1.19
2014.06.19 16:02:45.902,8.3337,8.33567,1.19,1.19
2014.06.19 16:02:46.883,8.33372,8.33567,1.19,1.69
2014.06.19 16:02:47.914,8.3338,8.33566,1.19,1.19
2014.06.19 16:02:48.933,8.33384,8.33565,1.19,1.19
2014.06.19 16:02:49.899,8.33384,8.33565,1.19,1.19
2014.06.19 16:02:50.904,8.33386,8.33567,1.19,1.69
2014.06.19 16:02:51.605,8.33363,8.33559,1.19,1.19
2014.06.19 16:02:52.340,8.33356,8.33542,1.19,1.19
2014.06.19 16:02:56.324,8.33361,8.33541,1.19,1.19
2014.06.19 16:02:57.365,8.33362,8.3354,1.19,1.19
2014.06.19 16:02:58.269,8.33365,8.33545,1.19,1.19
2014.06.19 16:03:00.077,8.33376,8.33564,1.19,1.19
2014.06.19 16:03:01.588,8.33359,8.33546,1.19,1.19
2014.06.19 16:03:02.592,8.33355,8.33545,1.19,1.19
2014.06.19 16:03:03.095,8.33374,8.33546,1.19,1.19
2014.06.19 16:03:04.122,8.3338,8.33552,1.19,1.19
2014.06.19 16:03:05.103,8.33381,8.33553,1.19,1.19
2014.06.19 16:03:06.108,8.33377,8.33549,1.19,1.19
2014.06.19 16:03:07.115,8.33378,8.3355,1.19,1.19
2014.06.19 16:03:08.119,8.33377,8.33552,1.19,1.19
2014.06.19 16:03:09.122,8.3338,8.33553,1.19,1.19
2014.06.19 16:03:12.110,8.33383,8.33556,1.19,1.19
2014.06.19 16:03:13.107,8.33384,8.33556,1.19,1.19
2014.06.19 16:03:16.130,8.33376,8.3355,1.19,1.19
2014.06.19 16:03:17.131,8.33377,8.33549,1.19,1.19
2014.06.19 16:03:18.135,8.33379,8.33551,1.19,1.19
2014.06.19 16:03:19.141,8.33379,8.33553,1.19,1.19
2014.06.19 16:03:20.182,8.33382,8.33555,1.19,1.19
2014.06.19 16:03:21.154,8.3338,8.33558,1.19,1.19
2014.06.19 16:03:22.298,8.33381,8.33557,1.19,1.19
2014.06.19 16:03:23.095,8.33381,8.33558,1.19,1.19
2014.06.19 16:03:24.102,8.33383,8.33557,1.19,1.19
2014.06.19 16:03:26.200,8.33384,8.33558,1.19,1.19
2014.06.19 16:03:27.116,8.33388,8.3356,1.19,1.19
2014.06.19 16:03:28.122,8.3339,8.33562,1.19,1.19
2014.06.19 16:03:29.126,8.33391,8.33563,1.19,1.19
2014.06.19 16:03:30.153,8.33387,8.33559,1.19,1.19
2014.06.19 16:03:31.141,8.33391,8.33563,1.19,1.19
2014.06.19 16:03:33.152,8.33384,8.33556,1.19,1.19
2014.06.19 16:03:35.191,8.3338,8.33552,1.19,1.19
2014.06.19 16:03:40.821,8.33382,8.33554,1.19,1.19
2014.06.19 16:03:41.846,8.33384,8.33556,1.19,1.19
2014.06.19 16:03:42.886,8.33378,8.3355,1.19,1.19
2014.06.19 16:03:43.841,8.3338,8.33552,1.19,1.19
2014.06.19 16:03:44.875,8.33379,8.33551,1.19,1.19
2014.06.19 16:03:46.239,8.33391,8.33563,1.19,1.19
2014.06.19 16:03:47.199,8.33393,8.33565,1.19,1.19
2014.06.19 16:03:52.070,8.33388,8.3356,1.19,1.19
2014.06.19 16:03:53.064,8.33387,8.33559,1.19,1.19
2014.06.19 16:03:55.087,8.33389,8.33561,1.19,1.19
2014.06.19 16:03:56.093,8.3339,8.33562,1.19,1.19
2014.06.19 16:03:58.106,8.33393,8.33565,1.19,1.19
2014.06.19 16:04:01.131,8.33387,8.33559,1.19,1.19
2014.06.19 16:04:03.139,8.33388,8.3356,1.19,1.19
2014.06.19 16:04:07.169,8.33392,8.33564,1.19,1.19
2014.06.19 16:04:12.203,8.33394,8.33566,1.19,1.19
2014.06.19 16:04:17.618,8.33384,8.33556,1.19,1.19
2014.06.19 16:04:18.618,8.33391,8.33563,1.19,1.19
2014.06.19 16:04:21.605,8.33392,8.33564,1.19,1.19
2014.06.19 16:04:27.592,8.3339,8.33564,1.19,1.19
2014.06.19 16:04:28.598,8.3339,8.33562,1.19,1.19
2014.06.19 16:04:30.664,8.33413,8.33585,1.19,1.19
2014.06.19 16:04:31.865,8.33419,8.33591,1.19,1.19
2014.06.19 16:04:32.936,8.33437,8.33611,1.19,1.19
2014.06.19 16:04:33.879,8.33442,8.33614,1.19,1.19
2014.06.19 16:04:34.906,8.33443,8.33615,1.19,1.19
2014.06.19 16:04:35.803,8.33442,8.33614,1.19,1.19
2014.06.19 16:04:36.814,8.33437,8.33609,1.19,1.19
2014.06.19 16:04:37.802,8.33443,8.33615,1.19,1.19
2014.06.19 16:04:38.806,8.33446,8.33618,1.19,1.19
2014.06.19 16:04:40.548,8.3343,8.33609,1.19,1.19
2014.06.19 16:04:41.600,8.33435,8.33609,1.19,1.19
2014.06.19 16:04:42.558,8.33435,8.33609,1.19,1.19
2014.06.19 16:04:43.563,8.33439,8.33611,1.19,1.19
2014.06.19 16:04:45.371,8.33433,8.33605,1.19,1.19
2014.06.19 16:04:46.209,8.33398,8.33574,1.19,1.19
2014.06.19 16:04:47.128,8.33371,8.3356,1.19,1.69
2014.06.19 16:04:47.230,8.33352,8.33543,1.19,1.19
2014.06.19 16:04:47.331,8.33332,8.33531,1.19,1.19
2014.06.19 16:04:47.553,8.33331,8.33505,1.19,1.00
2014.06.19 16:04:48.328,8.33337,8.33505,1.19,1.19
2014.06.19 16:04:49.337,8.33341,8.33505,1.19,1.00
2014.06.19 16:04:51.324,8.33316,8.33505,1.69,1.79
2014.06.19 16:04:51.425,8.33314,8.33486,1.00,1.19
2014.06.19 16:04:51.476,8.33271,8.33486,1.19,1.19
2014.06.19 16:04:51.527,8.33266,8.33438,1.19,1.19
2014.06.19 16:04:51.832,8.3324,8.33412,1.19,1.19
2014.06.19 16:04:53.896,8.33246,8.3342,1.19,1.19
2014.06.19 16:04:54.854,8.33234,8.33424,1.19,1.19
2014.06.19 16:04:55.858,8.33239,8.33424,1.19,1.19
2014.06.19 16:04:56.863,8.33237,8.33424,1.19,1.19
2014.06.19 16:04:57.886,8.33238,8.33424,1.19,1.19
2014.06.19 16:05:00.378,8.33228,8.3342,1.19,1.19
2014.06.19 16:05:01.079,8.33241,8.33424,1.19,1.19
2014.06.19 16:05:02.085,8.33245,8.33424,1.19,1.00
2014.06.19 16:05:03.530,8.33245,8.3341,1.19,1.00
2014.06.19 16:05:03.631,8.33219,8.33403,1.19,1.19
2014.06.19 16:05:04.598,8.33211,8.33383,1.19,1.19
2014.06.19 16:05:05.601,8.33207,8.33388,1.19,1.19
2014.06.19 16:05:06.604,8.33207,8.33386,1.19,1.19
2014.06.19 16:05:10.357,8.33216,8.33409,1.19,1.19
2014.06.19 16:05:10.543,8.33216,8.33396,1.19,1.00
2014.06.19 16:05:11.364,8.33225,8.33396,1.19,1.19
2014.06.19 16:05:12.378,8.33234,8.33396,1.19,1.19
2014.06.19 16:05:13.371,8.33228,8.33408,1.19,1.19
2014.06.19 16:05:14.376,8.33231,8.33403,1.19,1.19
2014.06.19 16:05:15.382,8.33228,8.334,1.19,1.19
2014.06.19 16:05:16.387,8.33229,8.33401,1.19,1.19
2014.06.19 16:05:17.397,8.33228,8.334,1.19,1.19
2014.06.19 16:05:18.434,8.33229,8.33401,1.19,1.19
2014.06.19 16:05:19.411,8.33228,8.334,1.19,1.19
2014.06.19 16:05:21.485,8.33222,8.33394,1.19,1.19
2014.06.19 16:05:23.495,8.3322,8.33392,1.19,1.19
2014.06.19 16:05:24.527,8.33219,8.33391,1.19,1.19
2014.06.19 16:05:28.520,8.33224,8.33396,1.19,1.19
2014.06.19 16:05:30.551,8.33222,8.33394,1.19,1.19
2014.06.19 16:05:33.482,8.33219,8.33401,1.19,1.19
2014.06.19 16:05:34.469,8.33223,8.33395,1.19,1.19
2014.06.19 16:05:36.478,8.33221,8.33393,1.19,1.19
2014.06.19 16:05:37.483,8.3322,8.33394,1.19,1.19
2014.06.19 16:05:38.487,8.33221,8.33393,1.19,1.19
2014.06.19 16:05:41.612,8.33219,8.33391,1.19,1.19
2014.06.19 16:05:44.559,8.3319,8.33395,1.00,1.19
2014.06.19 16:05:44.610,8.33179,8.33395,1.19,1.19
2014.06.19 16:05:44.661,8.33181,8.33376,1.19,1.19
2014.06.19 16:05:44.964,8.33107,8.33319,1.00,1.19
2014.06.19 16:05:45.015,8.33101,8.33319,1.00,1.19
2014.06.19 16:05:45.066,8.33101,8.33275,1.00,1.19
2014.06.19 16:05:45.370,8.33082,8.33244,1.00,1.19
2014.06.19 16:05:45.471,8.33062,8.33244,1.00,1.19
2014.06.19 16:05:45.522,8.33058,8.33244,1.00,1.19
2014.06.19 16:05:45.914,8.33068,8.33244,1.00,1.19
2014.06.19 16:05:46.888,8.33058,8.33244,1.00,1.19
2014.06.19 16:05:47.159,8.33058,8.33257,1.19,1.19
2014.06.19 16:05:48.185,8.33058,8.33253,1.19,1.19
2014.06.19 16:05:49.222,8.33051,8.33249,1.19,1.19
2014.06.19 16:05:50.185,8.33053,8.3325,1.19,1.19
2014.06.19 16:05:51.184,8.33051,8.3325,1.19,1.19
2014.06.19 16:05:54.290,8.33055,8.33252,1.19,1.19
2014.06.19 16:05:56.199,8.33062,8.33256,1.19,1.19
2014.06.19 16:05:57.203,8.3306,8.33255,1.19,1.19
2014.06.19 16:05:58.245,8.33055,8.33253,1.19,1.19
2014.06.19 16:05:59.214,8.33058,8.33259,1.19,1.19
2014.06.19 16:06:01.229,8.33058,8.33258,1.19,1.19
2014.06.19 16:06:02.684,8.33058,8.3326,1.19,1.19
2014.06.19 16:06:03.245,8.33089,8.3326,1.00,1.19
2014.06.19 16:06:04.009,8.33091,8.33259,1.00,1.19
2014.06.19 16:06:04.539,8.3309,8.33259,1.00,1.19
2014.06.19 16:06:04.844,8.33093,8.33259,1.00,1.19
2014.06.19 16:06:05.078,8.33093,8.33277,1.00,1.19
2014.06.19 16:06:05.332,8.33111,8.33277,1.00,1.19
2014.06.19 16:06:05.868,8.3311,8.33277,1.00,1.19
2014.06.19 16:06:06.202,8.33115,8.33276,1.00,1.19
2014.06.19 16:06:07.166,8.33115,8.33277,1.00,1.19
2014.06.19 16:06:10.167,8.33115,8.3328,1.00,1.19
2014.06.19 16:06:12.178,8.33115,8.33275,1.00,1.19
2014.06.19 16:06:13.182,8.33115,8.33275,1.25,1.19
2014.06.19 16:06:14.207,8.33115,8.33276,1.00,1.19
2014.06.19 16:06:15.848,8.33097,8.33276,1.19,1.19
2014.06.19 16:06:15.949,8.33097,8.33279,1.00,1.19
2014.06.19 16:06:17.838,8.33097,8.33278,1.00,1.19
2014.06.19 16:06:18.843,8.33097,8.33279,1.19,1.19
2014.06.19 16:06:19.877,8.33101,8.33285,1.00,1.19
2014.06.19 16:06:20.328,8.33107,8.33285,1.00,1.19
2014.06.19 16:06:21.062,8.33107,8.33291,1.00,1.19
2014.06.19 16:06:21.113,8.33098,8.33291,1.25,1.19
2014.06.19 16:06:21.470,8.33102,8.33291,1.00,1.19
2014.06.19 16:06:21.938,8.33096,8.33153,1.00,1.00
2014.06.19 16:06:21.993,8.33038,8.33106,1.00,1.00
2014.06.19 16:06:22.044,8.33038,8.33212,1.00,1.00
2014.06.19 16:06:22.145,8.33026,8.33212,1.13,1.00
2014.06.19 16:06:22.196,8.33046,8.33245,1.00,1.00
2014.06.19 16:06:22.247,8.33064,8.33245,1.00,1.00
2014.06.19 16:06:22.400,8.33137,8.33319,1.00,1.00
2014.06.19 16:06:22.450,8.33182,8.33319,1.00,1.00
2014.06.19 16:06:22.552,8.33182,8.33341,1.00,1.00
2014.06.19 16:06:22.653,8.33184,8.33355,1.00,1.00
2014.06.19 16:06:22.704,8.33184,8.3337,1.00,1.00
2014.06.19 16:06:22.907,8.3319,8.3337,1.00,1.00
2014.06.19 16:06:23.162,8.3319,8.33386,1.00,1.00
2014.06.19 16:06:23.213,8.33193,8.33386,1.00,1.00
2014.06.19 16:06:23.440,8.33191,8.33386,1.00,1.50
2014.06.19 16:06:23.491,8.33191,8.3338,1.00,1.19
2014.06.19 16:06:23.643,8.33179,8.33376,1.00,1.19
2014.06.19 16:06:24.178,8.3318,8.33376,1.00,1.19
2014.06.19 16:06:24.331,8.33176,8.3338,1.00,1.19
2014.06.19 16:06:24.664,8.33188,8.3338,1.00,1.19
2014.06.19 16:06:24.867,8.33168,8.3338,1.00,1.19
2014.06.19 16:06:24.918,8.33168,8.33346,1.00,1.19
2014.06.19 16:06:25.070,8.33166,8.33346,1.00,1.19
2014.06.19 16:06:25.277,8.33144,8.33346,1.00,1.19
2014.06.19 16:06:25.633,8.33148,8.33352,1.00,1.19
2014.06.19 16:06:26.100,8.3315,8.33352,1.00,1.19
2014.06.19 16:06:26.151,8.3317,8.33373,1.00,1.19
2014.06.19 16:06:26.404,8.33166,8.33373,1.00,1.19
2014.06.19 16:06:26.607,8.33192,8.33373,1.00,1.19
2014.06.19 16:06:27.063,8.33189,8.33373,1.00,1.19
2014.06.19 16:06:27.164,8.33189,8.33359,1.00,1.19
2014.06.19 16:06:27.368,8.33184,8.33346,1.00,1.19
2014.06.19 16:06:27.469,8.33184,8.33328,1.00,1.19
2014.06.19 16:06:27.622,8.33176,8.33328,1.00,1.19
2014.06.19 16:06:28.037,8.33172,8.33328,1.00,1.19
2014.06.19 16:06:28.432,8.33172,8.33315,1.00,1.19
2014.06.19 16:06:29.347,8.33167,8.33315,1.00,1.19
2014.06.19 16:06:29.448,8.33167,8.33314,1.00,1.19
2014.06.19 16:06:29.602,8.33164,8.33314,1.00,1.19
2014.06.19 16:06:30.307,8.33164,8.33309,1.00,2.29
2014.06.19 16:06:30.358,8.33129,8.33267,1.00,1.19
2014.06.19 16:06:30.460,8.33129,8.33274,1.00,1.79
2014.06.19 16:06:30.562,8.33128,8.33258,1.00,1.19
2014.06.19 16:06:30.613,8.33096,8.33258,1.19,1.19
2014.06.19 16:06:30.981,8.33096,8.33234,1.00,1.19
2014.06.19 16:06:31.136,8.33082,8.33224,1.00,1.19
2014.06.19 16:06:31.237,8.33068,8.33224,1.00,1.19
2014.06.19 16:06:31.339,8.33052,8.33224,1.19,1.19
2014.06.19 16:06:31.390,8.33052,8.33194,1.00,1.19
2014.06.19 16:06:31.593,8.33036,8.33194,1.19,1.19
2014.06.19 16:06:31.810,8.33049,8.33194,1.00,1.19
2014.06.19 16:06:32.587,8.33049,8.33231,1.19,1.19
2014.06.19 16:06:32.689,8.33084,8.33257,1.19,1.19
2014.06.19 16:06:32.891,8.33065,8.33327,1.60,1.00
2014.06.19 16:06:32.993,8.33184,8.33327,1.19,1.00
2014.06.19 16:06:33.094,8.33184,8.33389,1.19,1.19
2014.06.19 16:06:33.915,8.33161,8.33387,1.19,1.19
2014.06.19 16:06:35.589,8.33161,8.33394,1.00,1.00
2014.06.19 16:06:35.641,8.33161,8.3327,1.00,2.10
2014.06.19 16:06:35.742,8.33064,8.33268,1.00,1.60
2014.06.19 16:06:35.843,8.33064,8.33304,1.00,1.00
2014.06.19 16:06:35.894,8.33063,8.33301,1.00,1.19
2014.06.19 16:06:36.232,8.33143,8.33338,1.19,1.19
2014.06.19 16:06:36.536,8.33167,8.33338,1.00,1.19
2014.06.19 16:06:36.638,8.33146,8.33338,1.92,1.19
2014.06.19 16:06:36.903,8.33127,8.33339,1.19,1.19
2014.06.19 16:06:37.447,8.3314,8.33339,1.00,1.19
2014.06.19 16:06:37.768,8.33136,8.33339,1.00,1.19
2014.06.19 16:06:37.920,8.33125,8.33341,1.00,1.19
2014.06.19 16:06:37.971,8.33113,8.33341,1.19,1.19
2014.06.19 16:06:39.349,8.33104,8.33329,1.19,1.19
2014.06.19 16:06:39.513,8.33113,8.33329,1.00,1.19
2014.06.19 16:06:39.665,8.33113,8.33353,1.19,1.69
2014.06.19 16:06:40.848,8.33114,8.33353,1.19,1.00
2014.06.19 16:06:40.950,8.33135,8.33353,1.00,1.00
2014.06.19 16:06:41.153,8.33122,8.33353,1.19,1.00
2014.06.19 16:06:42.016,8.33146,8.33353,1.00,1.19
2014.06.19 16:06:42.068,8.33146,8.33353,1.00,1.00
2014.06.19 16:06:42.220,8.33146,8.33379,1.00,1.00
2014.06.19 16:06:42.271,8.33159,8.33379,1.19,1.00
2014.06.19 16:06:42.322,8.33159,8.33407,1.19,1.00
2014.06.19 16:06:42.373,8.33184,8.33407,1.00,1.00
2014.06.19 16:06:42.575,8.33182,8.33408,1.00,1.25
2014.06.19 16:06:42.847,8.33182,8.33408,1.19,1.00
2014.06.19 16:06:42.948,8.33182,8.33423,1.19,1.00
2014.06.19 16:06:43.151,8.33199,8.33423,1.00,1.00
2014.06.19 16:06:43.202,8.33199,8.33433,1.00,1.00
2014.06.19 16:06:43.787,8.33184,8.33433,1.19,1.00
2014.06.19 16:06:43.888,8.33185,8.33433,1.19,1.19
2014.06.19 16:06:44.339,8.33185,8.33287,1.19,2.10
2014.06.19 16:06:44.389,8.33184,8.33287,1.00,2.10
2014.06.19 16:06:44.440,8.33165,8.33287,1.00,2.10
2014.06.19 16:06:44.491,8.33124,8.33287,1.50,2.10
2014.06.19 16:06:44.542,8.33124,8.33322,1.50,1.00
2014.06.19 16:06:44.593,8.33124,8.3329,1.50,1.19
2014.06.19 16:06:44.644,8.33095,8.3329,1.00,1.19
2014.06.19 16:06:44.695,8.33103,8.33296,1.19,1.00
2014.06.19 16:06:44.847,8.33136,8.33368,1.19,1.00
2014.06.19 16:06:44.898,8.33153,8.33368,1.00,1.00
2014.06.19 16:06:44.949,8.33153,8.33397,1.00,1.69
2014.06.19 16:06:45.000,8.33168,8.33397,1.19,1.19
2014.06.19 16:06:46.296,8.33172,8.33397,1.00,1.19
2014.06.19 16:06:46.819,8.33172,8.33397,1.19,1.00
2014.06.19 16:06:48.918,8.33181,8.33397,1.19,1.00
2014.06.19 16:06:48.969,8.33181,8.33425,1.19,1.19
2014.06.19 16:06:49.335,8.33203,8.33425,1.00,1.19
2014.06.19 16:06:50.416,8.33211,8.33425,1.19,1.00
2014.06.19 16:06:50.734,8.33203,8.33424,1.19,1.19
2014.06.19 16:06:51.517,8.33203,8.33425,1.19,1.19
2014.06.19 16:06:52.466,8.33245,8.33456,1.19,1.19
2014.06.19 16:06:52.770,8.33271,8.33475,1.19,1.19
2014.06.19 16:06:53.661,8.33279,8.33489,1.19,1.19
2014.06.19 16:06:53.846,8.33295,8.33512,1.19,1.19
2014.06.19 16:06:54.975,8.33316,8.3352,1.19,1.19
2014.06.19 16:06:55.941,8.33306,8.33521,1.19,1.19
2014.06.19 16:06:56.990,8.333,8.33511,1.19,1.19
2014.06.19 16:06:57.987,8.333,8.33513,1.19,1.19
2014.06.19 16:06:58.996,8.33317,8.33541,1.19,1.19
2014.06.19 16:06:59.597,8.33314,8.33569,1.00,1.00
2014.06.19 16:06:59.648,8.33314,8.33429,1.00,2.10
2014.06.19 16:06:59.800,8.33182,8.33427,1.00,2.10
2014.06.19 16:06:59.851,8.33182,8.33399,1.00,2.10
2014.06.19 16:07:00.270,8.33152,8.33318,1.19,1.19
2014.06.19 16:07:00.678,8.33166,8.33338,1.19,1.19
2014.06.19 16:07:02.074,8.33177,8.33369,1.19,1.19
2014.06.19 16:07:02.228,8.33167,8.33402,1.19,1.00
2014.06.19 16:07:02.279,8.33215,8.33407,1.19,1.00
2014.06.19 16:07:02.330,8.33215,8.3344,1.19,1.19
2014.06.19 16:07:04.255,8.33215,8.33432,1.19,1.19
2014.06.19 16:07:06.147,8.33215,8.3342,1.00,1.19
2014.06.19 16:07:07.142,8.332,8.33419,1.19,1.19
2014.06.19 16:07:08.584,8.33197,8.33412,1.19,1.19
2014.06.19 16:07:08.914,8.33199,8.33388,1.00,1.79
2014.06.19 16:07:09.258,8.33147,8.33313,1.19,1.19
2014.06.19 16:07:09.879,8.33176,8.33338,1.19,1.00
2014.06.19 16:07:09.930,8.33176,8.33363,1.19,1.19
2014.06.19 16:07:09.981,8.33165,8.33373,1.19,1.00
2014.06.19 16:07:10.033,8.33175,8.33394,1.19,1.00
2014.06.19 16:07:10.084,8.3321,8.33423,1.19,1.19
2014.06.19 16:07:10.591,8.33199,8.33398,1.19,1.19
2014.06.19 16:07:12.036,8.33199,8.33383,1.19,2.29
2014.06.19 16:07:12.087,8.33188,8.33383,1.00,2.10
2014.06.19 16:07:12.138,8.33175,8.33338,1.00,1.00
2014.06.19 16:07:12.240,8.33175,8.33349,1.00,1.00
2014.06.19 16:07:12.341,8.33129,8.33349,1.19,1.00
2014.06.19 16:07:13.066,8.33141,8.33313,1.19,1.19
2014.06.19 16:07:16.308,8.33145,8.33317,1.19,1.19
2014.06.19 16:07:17.215,8.33143,8.33315,1.19,1.19
2014.06.19 16:07:20.245,8.33146,8.33318,1.19,1.19
2014.06.19 16:07:21.234,8.33148,8.3332,1.19,1.19
2014.06.19 16:07:22.239,8.3315,8.33322,1.19,1.19
2014.06.19 16:07:26.886,8.3321,8.33348,1.19,1.00
2014.06.19 16:07:26.987,8.33204,8.33407,1.19,1.19
2014.06.19 16:07:29.177,8.33195,8.33416,1.19,1.19
2014.06.19 16:07:30.177,8.33195,8.33416,1.19,1.19
2014.06.19 16:07:31.316,8.33195,8.3342,1.19,1.19
2014.06.19 16:07:32.120,8.33197,8.33417,1.19,1.19
2014.06.19 16:07:34.131,8.33194,8.33414,1.19,1.19
2014.06.19 16:07:34.847,8.33193,8.33378,1.00,2.10
2014.06.19 16:07:34.899,8.33174,8.33376,1.00,1.60
2014.06.19 16:07:35.051,8.33143,8.33372,1.19,1.79
2014.06.19 16:07:35.890,8.33145,8.33317,1.19,1.19
2014.06.19 16:07:36.543,8.33154,8.33359,1.19,1.79
2014.06.19 16:07:36.645,8.33178,8.33365,1.19,1.00
2014.06.19 16:07:36.746,8.3321,8.33385,1.19,1.00
2014.06.19 16:07:36.797,8.3321,8.33412,1.19,1.19
2014.06.19 16:07:38.385,8.33217,8.33427,1.19,1.57
2014.06.19 16:07:39.358,8.33219,8.33435,1.19,1.19
2014.06.19 16:07:41.188,8.33202,8.33416,1.19,1.19
2014.06.19 16:07:42.172,8.33195,8.33413,1.19,1.19
2014.06.19 16:07:42.846,8.33194,8.33336,1.19,1.05
2014.06.19 16:07:42.897,8.33185,8.33336,1.00,1.05
2014.06.19 16:07:42.948,8.33167,8.33333,1.00,1.00
2014.06.19 16:07:43.049,8.33106,8.33333,1.19,1.00
2014.06.19 16:07:43.100,8.33106,8.33333,1.19,1.00
2014.06.19 16:07:43.151,8.33106,8.33353,1.19,1.00
2014.06.19 16:07:43.202,8.33165,8.33353,1.19,1.00
2014.06.19 16:07:43.253,8.33165,8.33374,1.19,1.00
2014.06.19 16:07:43.304,8.33165,8.3339,1.19,1.00
2014.06.19 16:07:43.355,8.33165,8.33394,1.19,1.19
2014.06.19 16:07:44.385,8.33181,8.33393,1.19,1.19
2014.06.19 16:07:44.809,8.33181,8.33364,1.19,2.10
2014.06.19 16:07:44.910,8.33151,8.33322,1.00,1.00
2014.06.19 16:07:45.012,8.33143,8.33322,1.00,1.00
2014.06.19 16:07:45.063,8.33096,8.33322,1.19,1.00
2014.06.19 16:07:45.749,8.33195,8.33344,1.19,1.00
2014.06.19 16:07:45.850,8.33199,8.334,1.19,1.19
2014.06.19 16:07:47.024,8.33203,8.33396,1.19,1.19
2014.06.19 16:07:48.200,8.33214,8.33408,1.19,1.19
2014.06.19 16:07:49.220,8.33213,8.3341,1.19,1.19
2014.06.19 16:07:50.225,8.33221,8.33421,1.19,1.19
2014.06.19 16:07:50.327,8.3317,8.33393,1.50,2.10
2014.06.19 16:07:50.378,8.3317,8.33326,1.50,1.00
2014.06.19 16:07:50.530,8.33126,8.33326,1.19,1.00
2014.06.19 16:07:50.631,8.33126,8.33319,1.19,1.00
2014.06.19 16:07:50.967,8.33126,8.33299,1.19,1.00
2014.06.19 16:07:51.410,8.33122,8.33299,1.19,1.00
2014.06.19 16:07:51.639,8.33134,8.33299,1.19,1.19
2014.06.19 16:07:53.160,8.33115,8.33287,1.19,1.19
2014.06.19 16:07:54.147,8.33183,8.33326,1.19,1.00
2014.06.19 16:07:54.249,8.33183,8.33352,1.19,1.00
2014.06.19 16:07:54.350,8.33197,8.33383,1.19,1.19
2014.06.19 16:07:54.847,8.3317,8.33388,1.19,1.19
2014.06.19 16:07:55.839,8.3317,8.3339,1.19,1.19
2014.06.19 16:07:56.906,8.33182,8.33381,1.19,1.19
2014.06.19 16:07:57.917,8.33179,8.33382,1.19,1.19
2014.06.19 16:07:58.887,8.33177,8.33382,1.19,1.19
2014.06.19 16:07:59.891,8.33178,8.33382,1.19,1.19
2014.06.19 16:08:03.559,8.33164,8.33376,1.19,1.19
2014.06.19 16:08:05.155,8.33171,8.3337,1.19,1.19
2014.06.19 16:08:06.338,8.33159,8.33335,1.19,1.19
2014.06.19 16:08:07.357,8.33156,8.3333,1.19,1.19
2014.06.19 16:08:09.338,8.33151,8.33335,1.19,1.19
2014.06.19 16:08:12.288,8.33148,8.33332,1.19,1.19
2014.06.19 16:08:13.385,8.33107,8.33321,1.19,1.19
2014.06.19 16:08:13.437,8.33101,8.33295,1.19,1.19
2014.06.19 16:08:14.624,8.33078,8.33277,1.19,1.19
2014.06.19 16:08:15.657,8.33069,8.33269,1.19,1.19
2014.06.19 16:08:16.614,8.33058,8.33265,1.19,1.19
2014.06.19 16:08:17.918,8.33044,8.33258,1.19,1.19
2014.06.19 16:08:19.875,8.33043,8.33237,1.00,1.54
2014.06.19 16:08:19.926,8.33023,8.33237,1.69,1.54
2014.06.19 16:08:20.937,8.33017,8.33208,1.19,1.19
2014.06.19 16:08:22.077,8.33018,8.3319,1.19,1.19
2014.06.19 16:08:24.875,8.33013,8.33187,1.19,1.19
2014.06.19 16:08:25.880,8.33014,8.33186,1.19,1.19
2014.06.19 16:08:26.930,8.33013,8.33185,1.19,1.19
2014.06.19 16:08:27.887,8.33018,8.3319,1.19,1.19
2014.06.19 16:08:28.990,8.33032,8.33216,1.19,1.19
2014.06.19 16:08:30.097,8.3301,8.33186,1.19,1.19
2014.06.19 16:08:31.107,8.33008,8.33182,1.19,1.19
2014.06.19 16:08:32.107,8.33007,8.33179,1.19,1.19
2014.06.19 16:08:33.416,8.33017,8.33189,1.19,1.19
2014.06.19 16:08:33.648,8.33053,8.33227,1.19,1.19
2014.06.19 16:08:34.852,8.3305,8.33246,1.19,1.19
2014.06.19 16:08:34.953,8.3308,8.33266,1.19,1.19
2014.06.19 16:08:36.868,8.33062,8.33278,1.19,1.19
2014.06.19 16:08:37.903,8.3306,8.33277,1.69,1.19
2014.06.19 16:08:38.355,8.33092,8.33277,2.10,1.19
2014.06.19 16:08:38.406,8.33113,8.33297,1.00,1.19
2014.06.19 16:08:38.560,8.33118,8.33297,1.00,1.19
2014.06.19 16:08:38.611,8.33118,8.33302,1.00,1.19
2014.06.19 16:08:38.662,8.33118,8.33313,1.60,1.19
2014.06.19 16:08:39.079,8.33144,8.33324,1.19,1.19
2014.06.19 16:08:40.132,8.33159,8.33331,1.19,1.19
2014.06.19 16:08:41.094,8.33162,8.33334,1.19,1.19
2014.06.19 16:08:47.152,8.3316,8.33335,1.19,1.19
2014.06.19 16:08:47.358,8.33153,8.33364,1.19,1.00
2014.06.19 16:08:47.459,8.33226,8.3338,1.19,1.00
2014.06.19 16:08:47.561,8.33226,8.33396,1.19,1.00
2014.06.19 16:08:47.662,8.33237,8.33404,1.19,1.00
2014.06.19 16:08:47.713,8.33237,8.33419,1.19,1.00
2014.06.19 16:08:47.764,8.33224,8.33429,1.50,1.00
2014.06.19 16:08:47.815,8.33233,8.33487,1.00,1.00
2014.06.19 16:08:48.017,8.33245,8.33487,1.00,1.00
2014.06.19 16:08:49.195,8.3326,8.33497,1.00,1.00
2014.06.19 16:08:49.550,8.33263,8.33497,1.00,1.00
2014.06.19 16:08:50.308,8.33263,8.33513,1.00,1.00
2014.06.19 16:08:50.779,8.33263,8.33513,1.00,1.19
2014.06.19 16:08:51.803,8.33263,8.33513,1.00,1.19
2014.06.19 16:08:52.058,8.3326,8.33498,1.19,1.19
2014.06.19 16:08:52.928,8.3326,8.33498,1.00,1.19
2014.06.19 16:08:53.904,8.3326,8.3349,1.19,1.19
2014.06.19 16:08:54.893,8.3326,8.3349,1.19,1.19
2014.06.19 16:08:55.920,8.3326,8.33493,1.19,1.19
2014.06.19 16:08:56.949,8.33251,8.33497,1.19,1.19
2014.06.19 16:08:57.907,8.33251,8.335,1.19,1.19
2014.06.19 16:08:58.725,8.3328,8.335,1.00,1.19
2014.06.19 16:08:59.095,8.33298,8.335,1.00,1.19
2014.06.19 16:08:59.415,8.33298,8.3352,1.00,1.19
2014.06.19 16:08:59.644,8.33304,8.33533,1.19,1.19
2014.06.19 16:09:00.130,8.33298,8.33527,1.00,1.19
2014.06.19 16:09:00.234,8.3328,8.33527,1.19,1.19
2014.06.19 16:09:01.133,8.33266,8.33518,1.19,1.19
2014.06.19 16:09:02.097,8.33266,8.33518,1.19,1.19
2014.06.19 16:09:03.086,8.33266,8.33518,1.19,1.19
2014.06.19 16:09:04.115,8.33266,8.3351,1.19,1.19
2014.06.19 16:09:06.085,8.33266,8.33505,1.19,1.19
2014.06.19 16:09:07.135,8.33266,8.33511,1.19,1.19
2014.06.19 16:09:08.099,8.33266,8.33512,1.19,1.19
2014.06.19 16:09:09.134,8.33279,8.33507,1.19,1.19
2014.06.19 16:09:09.815,8.33303,8.33507,1.00,1.19
2014.06.19 16:09:10.450,8.33303,8.33505,1.00,1.19
2014.06.19 16:09:11.112,8.33303,8.33511,1.00,1.19
2014.06.19 16:09:12.121,8.33296,8.33512,1.00,1.19
2014.06.19 16:09:12.425,8.33299,8.33512,1.00,1.19
2014.06.19 16:09:13.371,8.33299,8.33515,1.19,1.19
2014.06.19 16:09:14.355,8.33296,8.33524,1.00,1.19
2014.06.19 16:09:14.651,8.33396,8.33524,2.25,1.19
2014.06.19 16:09:14.702,8.33396,8.33524,2.25,1.00
2014.06.19 16:09:14.752,8.33408,8.33524,1.00,1.00
2014.06.19 16:09:14.854,8.33408,8.33576,1.00,1.19
2014.06.19 16:09:14.956,8.33374,8.33546,1.00,1.19
2014.06.19 16:09:15.057,8.33315,8.33546,1.00,1.19
2014.06.19 16:09:15.159,8.33315,8.3355,1.19,1.00
2014.06.19 16:09:15.210,8.33353,8.3355,1.00,1.00
2014.06.19 16:09:15.523,8.3337,8.33586,1.00,1.19
2014.06.19 16:09:16.287,8.3337,8.33612,1.00,1.19
2014.06.19 16:09:16.389,8.3337,8.33621,1.00,1.00
2014.06.19 16:09:16.440,8.33385,8.33621,1.00,1.00
2014.06.19 16:09:16.541,8.33385,8.33657,1.00,1.00
2014.06.19 16:09:16.743,8.33391,8.33657,1.00,1.00
2014.06.19 16:09:16.844,8.33411,8.33683,1.00,1.00
2014.06.19 16:09:16.945,8.3346,8.33731,1.00,1.00
2014.06.19 16:09:17.248,8.33495,8.33763,1.00,1.00
2014.06.19 16:09:17.561,8.33506,8.33763,1.00,1.00
2014.06.19 16:09:17.612,8.33519,8.3378,1.00,1.00
2014.06.19 16:09:17.713,8.33535,8.3378,1.00,1.00
2014.06.19 16:09:17.966,8.33535,8.33797,1.00,1.00
2014.06.19 16:09:18.735,8.33535,8.33807,1.00,1.00
2014.06.19 16:09:18.837,8.3358,8.33838,1.00,1.00
2014.06.19 16:09:19.140,8.33564,8.33806,1.50,1.00
2014.06.19 16:09:19.292,8.33564,8.33809,1.50,1.00
2014.06.19 16:09:19.875,8.33564,8.33808,1.50,1.00
2014.06.19 16:09:20.601,8.33564,8.33777,1.00,1.00
2014.06.19 16:09:20.922,8.33564,8.33774,1.00,1.00
2014.06.19 16:09:21.424,8.33564,8.33773,1.00,1.00
2014.06.19 16:09:27.052,8.33564,8.33788,1.00,1.00
2014.06.19 16:09:29.367,8.33561,8.33788,1.00,1.00
2014.06.19 16:09:36.986,8.33561,8.33804,1.00,1.00
2014.06.19 16:09:37.239,8.33561,8.33804,1.25,1.19
2014.06.19 16:09:38.280,8.33565,8.33804,1.00,1.19
2014.06.19 16:09:38.588,8.33574,8.33804,1.00,1.00
2014.06.19 16:09:39.093,8.33574,8.33826,1.00,1.19
2014.06.19 16:09:39.391,8.33586,8.33826,1.00,1.00
2014.06.19 16:09:43.546,8.33574,8.33826,1.00,1.00
2014.06.19 16:09:43.596,8.33574,8.33807,1.00,1.00
2014.06.19 16:09:43.900,8.33554,8.33624,1.00,1.00
2014.06.19 16:09:43.951,8.33517,8.33596,1.00,1.00
2014.06.19 16:09:44.002,8.33461,8.33596,1.00,1.00
2014.06.19 16:09:44.053,8.33461,8.33576,1.00,1.00
2014.06.19 16:09:44.104,8.33369,8.33576,1.00,1.00
2014.06.19 16:09:44.205,8.33364,8.33542,1.00,1.19
2014.06.19 16:09:44.584,8.33364,8.33562,1.00,1.19
2014.06.19 16:09:45.123,8.33362,8.33556,1.00,1.38
2014.06.19 16:09:45.174,8.33317,8.33536,1.00,1.00
2014.06.19 16:09:45.225,8.33285,8.33516,1.00,1.88
2014.06.19 16:09:45.276,8.33285,8.33486,1.00,1.50
2014.06.19 16:09:45.479,8.33291,8.33529,1.19,1.00
2014.06.19 16:09:45.631,8.33315,8.33587,1.00,1.00
2014.06.19 16:09:45.733,8.33338,8.3361,1.00,1.00
2014.06.19 16:09:46.036,8.33363,8.33602,1.00,1.00
2014.06.19 16:09:46.087,8.33363,8.33605,1.00,1.00
2014.06.19 16:09:46.239,8.3335,8.33599,1.00,1.00
2014.06.19 16:09:46.345,8.33361,8.33599,1.00,1.00
2014.06.19 16:09:47.115,8.33361,8.3361,1.00,1.00
2014.06.19 16:09:49.977,8.33377,8.3361,1.00,1.00
2014.06.19 16:09:50.029,8.33377,8.33631,1.00,1.00
2014.06.19 16:09:50.181,8.33377,8.33616,1.00,1.00
2014.06.19 16:09:50.944,8.33392,8.33616,1.00,1.00
2014.06.19 16:09:50.995,8.33392,8.33633,1.00,1.00
2014.06.19 16:09:51.046,8.33407,8.33633,1.00,1.00
2014.06.19 16:09:51.198,8.33407,8.33648,1.00,1.00
2014.06.19 16:09:51.945,8.33419,8.33648,1.00,1.00
2014.06.19 16:09:52.197,8.33432,8.33666,1.00,1.00
2014.06.19 16:09:52.983,8.33444,8.33666,1.00,1.00
2014.06.19 16:09:53.192,8.33444,8.33686,1.00,1.00
2014.06.19 16:09:53.295,8.33444,8.33708,1.00,1.00
2014.06.19 16:09:53.447,8.33436,8.33708,1.00,1.00
2014.06.19 16:09:53.498,8.33444,8.33708,1.50,1.00
2014.06.19 16:09:53.549,8.33525,8.33799,1.00,1.00
2014.06.19 16:09:53.903,8.33554,8.33799,1.00,1.00
2014.06.19 16:09:53.954,8.33554,8.33825,1.50,1.00
2014.06.19 16:09:54.055,8.33554,8.33756,1.50,1.00
2014.06.19 16:09:54.156,8.33537,8.33781,1.00,1.00
2014.06.19 16:09:54.207,8.33535,8.33781,1.00,1.00
2014.06.19 16:09:54.259,8.33535,8.33787,1.00,1.00
2014.06.19 16:09:54.411,8.33535,8.33773,1.00,1.00
2014.06.19 16:09:54.714,8.33535,8.33763,1.00,1.00
2014.06.19 16:09:54.967,8.33528,8.33763,1.00,1.00
2014.06.19 16:09:55.068,8.33528,8.33746,1.00,1.00
2014.06.19 16:09:55.169,8.33528,8.33793,1.00,1.00
2014.06.19 16:09:55.271,8.33521,8.33766,1.00,1.00
2014.06.19 16:09:55.322,8.33501,8.33764,1.00,1.00
2014.06.19 16:09:55.423,8.33494,8.33764,1.00,1.00
2014.06.19 16:09:58.147,8.33494,8.33731,1.00,1.00
2014.06.19 16:10:00.387,8.33494,8.33564,1.00,2.10
2014.06.19 16:10:00.691,8.33412,8.33438,1.50,1.00
2014.06.19 16:10:00.793,8.33291,8.33433,1.00,1.19
2014.06.19 16:10:00.844,8.33284,8.33433,1.00,1.19
2014.06.19 16:10:01.625,8.33284,8.33458,1.00,1.19
2014.06.19 16:10:03.686,8.33284,8.33464,1.00,1.19
2014.06.19 16:10:03.787,8.33263,8.33464,1.00,1.19
2014.06.19 16:10:03.838,8.3327,8.33464,1.00,1.19
2014.06.19 16:10:03.889,8.33293,8.3352,1.38,1.00
2014.06.19 16:10:03.940,8.33334,8.3352,1.00,1.00
2014.06.19 16:10:04.243,8.33477,8.33565,1.19,1.00
2014.06.19 16:10:04.396,8.33458,8.33684,1.00,1.00
2014.06.19 16:10:04.497,8.33458,8.33692,1.00,1.00
2014.06.19 16:10:04.598,8.33458,8.33697,1.00,1.00
2014.06.19 16:10:05.154,8.33443,8.33697,1.00,1.00
2014.06.19 16:10:05.407,8.33443,8.33682,1.00,1.00
2014.06.19 16:10:06.623,8.33443,8.33698,1.00,1.00
2014.06.19 16:10:07.475,8.33443,8.33682,1.00,1.00
2014.06.19 16:10:07.983,8.3345,8.33682,1.00,1.00
2014.06.19 16:10:08.034,8.3345,8.33714,1.00,1.00
2014.06.19 16:10:08.085,8.33455,8.33714,1.00,1.00
2014.06.19 16:10:08.136,8.33462,8.33723,1.00,1.00
2014.06.19 16:10:08.237,8.33455,8.33713,1.00,1.00
2014.06.19 16:10:08.544,8.33472,8.33723,1.00,1.00
2014.06.19 16:10:08.798,8.33483,8.3374,1.00,1.00
2014.06.19 16:10:08.849,8.33507,8.3374,1.00,1.00
2014.06.19 16:10:09.002,8.33495,8.3374,1.00,1.00
2014.06.19 16:10:09.154,8.33495,8.33754,1.00,1.00
2014.06.19 16:10:09.205,8.33495,8.33752,1.00,1.00
2014.06.19 16:10:09.357,8.33467,8.33728,1.00,1.00
2014.06.19 16:10:09.408,8.3346,8.33727,1.00,1.00
2014.06.19 16:10:13.259,8.33459,8.33715,1.00,1.00
2014.06.19 16:10:13.361,8.33467,8.3373,1.00,1.00
2014.06.19 16:10:13.869,8.33467,8.33731,1.00,1.00
2014.06.19 16:10:13.920,8.33467,8.33731,1.00,1.38
2014.06.19 16:10:14.021,8.33467,8.33731,1.00,1.00
2014.06.19 16:10:14.072,8.33465,8.33727,1.00,1.00
2014.06.19 16:10:14.995,8.33459,8.33718,1.00,1.00
2014.06.19 16:10:15.306,8.33459,8.33705,1.00,1.00
2014.06.19 16:10:15.357,8.33455,8.33705,1.00,1.00
2014.06.19 16:10:21.001,8.33455,8.33705,1.19,1.00
2014.06.19 16:10:22.191,8.33455,8.33705,1.19,1.00
2014.06.19 16:10:22.959,8.33455,8.33705,1.19,1.00
2014.06.19 16:10:23.988,8.33455,8.33705,1.19,1.19
2014.06.19 16:10:24.957,8.33455,8.33705,1.19,1.00
2014.06.19 16:10:26.000,8.33455,8.33705,1.19,1.00
2014.06.19 16:10:26.969,8.33455,8.33705,1.19,1.00
2014.06.19 16:10:27.975,8.33455,8.33705,1.19,1.00
2014.06.19 16:10:28.535,8.33467,8.33705,1.00,1.00
2014.06.19 16:10:33.142,8.33467,8.3372,1.00,1.00
2014.06.19 16:10:36.953,8.33467,8.3372,1.19,1.19
2014.06.19 16:10:37.957,8.33467,8.3372,1.19,1.19
2014.06.19 16:10:38.962,8.33467,8.3372,1.19,1.19
2014.06.19 16:10:39.965,8.33467,8.3372,1.19,1.19
2014.06.19 16:10:41.686,8.33458,8.3372,1.00,1.00
2014.06.19 16:10:42.100,8.33458,8.33707,1.00,1.00
2014.06.19 16:10:42.353,8.33451,8.33707,1.00,1.00
2014.06.19 16:10:43.627,8.33476,8.33707,1.19,1.00
2014.06.19 16:10:43.729,8.33493,8.33722,1.25,1.00
2014.06.19 16:10:43.830,8.33504,8.33744,1.19,1.19
2014.06.19 16:10:44.251,8.33561,8.33782,1.19,1.00
2014.06.19 16:10:44.302,8.33575,8.33821,1.19,1.00
2014.06.19 16:10:45.252,8.33575,8.33825,1.19,1.00
2014.06.19 16:10:45.709,8.33577,8.33825,1.00,1.00
2014.06.19 16:10:45.811,8.33591,8.33846,1.00,1.00
2014.06.19 16:10:45.913,8.33591,8.33856,1.00,1.00
2014.06.19 16:10:46.803,8.33606,8.33856,1.19,1.00
2014.06.19 16:10:46.904,8.33606,8.33859,1.19,1.25
2014.06.19 16:10:47.910,8.33618,8.33876,1.19,1.00
2014.06.19 16:10:48.369,8.33627,8.33878,1.19,1.00
2014.06.19 16:10:49.196,8.33634,8.33878,1.19,1.00
2014.06.19 16:10:50.201,8.33638,8.33878,1.19,1.00
2014.06.19 16:10:51.209,8.33644,8.33878,1.19,1.00
2014.06.19 16:10:52.490,8.33723,8.33878,1.00,1.00
2014.06.19 16:10:52.642,8.33661,8.33901,1.19,1.19
2014.06.19 16:10:52.844,8.33661,8.33896,1.00,1.00
2014.06.19 16:10:52.946,8.33668,8.3394,1.00,1.00
2014.06.19 16:10:53.097,8.33695,8.3396,1.00,1.00
2014.06.19 16:10:53.148,8.33695,8.33963,1.00,1.00
2014.06.19 16:10:53.199,8.33713,8.33963,1.00,1.00
2014.06.19 16:10:53.545,8.33722,8.33983,1.00,1.00
2014.06.19 16:10:53.646,8.33754,8.33983,1.00,1.00
2014.06.19 16:10:53.747,8.33784,8.34023,1.00,1.00
2014.06.19 16:10:53.849,8.33761,8.33997,1.00,1.00
2014.06.19 16:10:53.950,8.3377,8.34136,1.00,1.00
2014.06.19 16:10:54.001,8.33988,8.34136,1.00,1.00
2014.06.19 16:10:54.051,8.33988,8.34223,1.00,1.50
2014.06.19 16:10:54.102,8.33973,8.34194,1.00,1.00
2014.06.19 16:10:54.406,8.33947,8.34107,1.00,1.00
2014.06.19 16:10:54.709,8.33927,8.34038,1.00,1.00
2014.06.19 16:10:54.810,8.33832,8.34038,1.00,1.00
2014.06.19 16:10:54.912,8.33771,8.34038,1.00,1.00
2014.06.19 16:10:55.324,8.33782,8.34038,1.00,1.00
2014.06.19 16:10:56.362,8.33769,8.34038,1.00,1.00
2014.06.19 16:10:56.536,8.33769,8.34038,1.19,1.19
2014.06.19 16:10:57.475,8.33769,8.34038,1.00,1.00
2014.06.19 16:10:57.798,8.33788,8.34038,1.00,1.00
2014.06.19 16:11:00.895,8.33773,8.34038,1.00,1.00
2014.06.19 16:11:01.500,8.33773,8.34038,1.19,1.19
2014.06.19 16:11:01.803,8.33788,8.34038,1.00,1.19
2014.06.19 16:11:02.278,8.33801,8.34043,1.00,1.19
2014.06.19 16:11:02.582,8.33768,8.33998,1.19,1.00
2014.06.19 16:11:02.633,8.33754,8.33976,1.00,1.00
2014.06.19 16:11:02.835,8.33727,8.33976,1.19,1.00
2014.06.19 16:11:03.152,8.33727,8.33976,1.00,1.50
2014.06.19 16:11:03.253,8.33727,8.33955,1.00,1.00
2014.06.19 16:11:03.304,8.33698,8.33955,1.00,1.00
2014.06.19 16:11:03.405,8.33695,8.33955,1.00,1.00
2014.06.19 16:11:03.695,8.3368,8.33947,1.00,1.50
2014.06.19 16:11:04.249,8.33679,8.33931,1.00,1.00
2014.06.19 16:11:07.331,8.33679,8.33931,1.19,1.19
2014.06.19 16:11:10.354,8.33679,8.33931,1.19,1.19
2014.06.19 16:11:13.392,8.33679,8.33931,1.19,1.19
2014.06.19 16:11:14.395,8.33679,8.33931,1.19,1.19
2014.06.19 16:11:15.402,8.33679,8.33931,1.19,1.19
2014.06.19 16:11:16.807,8.33679,8.33929,1.00,1.19
2014.06.19 16:11:16.909,8.33664,8.33929,1.69,1.19
2014.06.19 16:11:17.813,8.33664,8.33922,1.19,1.19
2014.06.19 16:11:18.818,8.33664,8.33919,1.19,1.19
2014.06.19 16:11:19.823,8.33664,8.33918,1.19,1.19
2014.06.19 16:11:20.829,8.33667,8.3392,1.19,1.19
2014.06.19 16:11:21.855,8.33677,8.33918,1.00,1.19
2014.06.19 16:11:22.844,8.33677,8.33915,1.19,1.19
2014.06.19 16:11:23.883,8.33677,8.33916,1.19,1.19
2014.06.19 16:11:24.889,8.33677,8.33921,1.19,1.19
2014.06.19 16:11:26.672,8.33677,8.33916,1.19,1.19
2014.06.19 16:11:27.635,8.33662,8.33916,1.19,1.19
2014.06.19 16:11:28.640,8.33662,8.33912,1.19,1.19
2014.06.19 16:11:29.643,8.33679,8.33916,1.00,1.19
2014.06.19 16:11:29.795,8.33663,8.33916,1.19,1.19
2014.06.19 16:11:30.627,8.33663,8.33912,1.19,1.19
2014.06.19 16:11:31.633,8.33667,8.33913,1.19,1.19
2014.06.19 16:11:32.678,8.33667,8.33908,1.19,1.19
2014.06.19 16:11:33.642,8.33667,8.33915,1.19,1.19
2014.06.19 16:11:34.681,8.33667,8.33916,1.19,1.19
2014.06.19 16:11:35.584,8.33667,8.33915,1.19,1.19
2014.06.19 16:11:36.587,8.33667,8.33909,1.19,1.19
2014.06.19 16:11:37.623,8.33667,8.33912,1.19,1.19
2014.06.19 16:11:38.630,8.33667,8.3392,1.19,1.19
2014.06.19 16:11:39.604,8.33668,8.33918,1.19,1.19
2014.06.19 16:11:40.638,8.33668,8.33915,1.19,1.19
2014.06.19 16:11:41.612,8.33668,8.33922,1.19,1.19
2014.06.19 16:11:42.626,8.33668,8.33923,1.19,1.19
2014.06.19 16:11:43.070,8.33686,8.33923,1.00,1.19
2014.06.19 16:11:43.374,8.33668,8.33923,1.19,1.19
2014.06.19 16:11:43.620,8.33668,8.33914,1.19,1.19
2014.06.19 16:11:44.629,8.33668,8.33923,1.19,1.19
2014.06.19 16:11:45.631,8.33668,8.33923,1.19,1.19
2014.06.19 16:11:46.651,8.33668,8.33923,1.19,1.19
2014.06.19 16:11:47.636,8.33668,8.33923,1.19,1.19
2014.06.19 16:11:48.639,8.33668,8.33919,1.19,1.19
2014.06.19 16:11:49.081,8.33668,8.33936,1.19,1.69
2014.06.19 16:11:49.132,8.33691,8.33936,1.00,1.69
2014.06.19 16:11:49.437,8.33741,8.33956,1.19,1.19
2014.06.19 16:11:49.760,8.33741,8.33936,1.19,1.00
2014.06.19 16:11:50.706,8.33749,8.33946,1.19,1.00
2014.06.19 16:11:50.858,8.33757,8.33946,1.19,1.00
2014.06.19 16:11:51.796,8.33759,8.33946,1.19,1.00
2014.06.19 16:11:52.798,8.33759,8.33946,1.19,1.00
2014.06.19 16:11:53.674,8.33762,8.33966,1.19,1.00
2014.06.19 16:11:54.291,8.33762,8.33946,1.19,1.00
2014.06.19 16:11:54.616,8.33767,8.33946,1.19,1.00
2014.06.19 16:11:55.255,8.33767,8.33936,1.19,1.00
2014.06.19 16:11:55.362,8.33767,8.33956,1.19,1.00
2014.06.19 16:11:55.420,8.33762,8.33956,1.19,1.00
2014.06.19 16:11:56.426,8.33762,8.33956,1.19,1.00
2014.06.19 16:11:57.461,8.33762,8.33956,1.19,1.00
2014.06.19 16:11:58.439,8.33764,8.33956,1.19,1.00
2014.06.19 16:12:01.456,8.33767,8.33956,1.19,1.25
2014.06.19 16:12:02.399,8.33766,8.33956,1.19,1.19
2014.06.19 16:12:03.405,8.33766,8.33956,1.19,1.00
2014.06.19 16:12:04.158,8.33766,8.33946,1.19,1.00
2014.06.19 16:12:04.453,8.33762,8.33946,1.19,1.00
2014.06.19 16:12:05.418,8.33755,8.33946,1.19,1.00
2014.06.19 16:12:05.592,8.33755,8.33966,1.19,1.19
2014.06.19 16:12:05.849,8.33758,8.33966,1.69,1.00
2014.06.19 16:12:06.824,8.33759,8.33966,1.19,1.00
2014.06.19 16:12:07.792,8.33759,8.34003,1.19,1.19
2014.06.19 16:12:07.843,8.33876,8.34015,1.19,1.00
2014.06.19 16:12:07.944,8.33845,8.34026,1.00,1.00
2014.06.19 16:12:07.995,8.33845,8.34117,1.00,1.00
2014.06.19 16:12:08.046,8.33886,8.34137,1.00,1.00
2014.06.19 16:12:08.097,8.33886,8.34158,1.00,1.00
2014.06.19 16:12:08.148,8.33919,8.34174,1.00,1.00
2014.06.19 16:12:08.402,8.33983,8.34241,1.00,1.00
2014.06.19 16:12:08.503,8.33991,8.34241,1.00,1.00
2014.06.19 16:12:08.863,8.33991,8.34034,1.00,1.00
2014.06.19 16:12:08.915,8.33864,8.33974,1.50,1.00
2014.06.19 16:12:09.119,8.33759,8.34026,1.60,1.00
2014.06.19 16:12:09.170,8.33876,8.34026,1.19,1.00
2014.06.19 16:12:09.221,8.33876,8.34031,1.19,1.00
2014.06.19 16:12:09.272,8.33922,8.34076,1.19,1.50
2014.06.19 16:12:09.323,8.33922,8.34092,1.19,1.00
2014.06.19 16:12:09.374,8.3393,8.34092,1.19,1.00
2014.06.19 16:12:09.475,8.3393,8.34142,1.19,1.00
2014.06.19 16:12:09.577,8.33923,8.34182,1.00,1.00
2014.06.19 16:12:09.679,8.33947,8.34212,1.00,1.38
2014.06.19 16:12:10.033,8.33958,8.3422,1.00,1.00
2014.06.19 16:12:11.081,8.33958,8.34216,1.19,1.19
2014.06.19 16:12:12.201,8.33947,8.34208,1.19,1.19
2014.06.19 16:12:13.168,8.33947,8.34204,1.19,1.19
2014.06.19 16:12:14.155,8.33947,8.34194,1.19,1.19
2014.06.19 16:12:15.164,8.33947,8.34192,1.00,1.69
2014.06.19 16:12:16.152,8.33947,8.34191,1.25,1.19
2014.06.19 16:12:17.168,8.33947,8.34192,1.19,1.19
2014.06.19 16:12:18.152,8.33947,8.34189,1.00,1.19
2014.06.19 16:12:18.791,8.33923,8.3418,1.19,1.19
2014.06.19 16:12:19.162,8.33916,8.3418,1.19,1.19
2014.06.19 16:12:20.160,8.3392,8.34177,1.19,1.19
2014.06.19 16:12:21.257,8.33921,8.34175,1.19,1.19
2014.06.19 16:12:22.175,8.33922,8.34174,1.19,1.19
2014.06.19 16:12:23.621,8.33919,8.34164,1.19,1.19
2014.06.19 16:12:24.334,8.33919,8.34157,1.19,1.00
2014.06.19 16:12:24.638,8.33925,8.34157,1.19,1.19
2014.06.19 16:12:25.607,8.33924,8.34157,1.19,1.19
2014.06.19 16:12:26.587,8.3392,8.34164,1.19,1.19
2014.06.19 16:12:27.592,8.33917,8.34164,1.19,1.19
2014.06.19 16:12:28.596,8.33918,8.34164,1.19,1.19
2014.06.19 16:12:29.600,8.3392,8.34164,1.19,1.19
2014.06.19 16:12:30.638,8.33915,8.34158,1.69,1.19
2014.06.19 16:12:31.679,8.33915,8.34158,1.19,1.69
2014.06.19 16:12:32.171,8.33915,8.34112,1.19,1.00
2014.06.19 16:12:32.476,8.33882,8.34076,1.19,1.00
2014.06.19 16:12:32.577,8.33848,8.34073,1.19,1.19
2014.06.19 16:12:32.679,8.33838,8.34055,1.19,1.19
2014.06.19 16:12:32.982,8.33816,8.34027,1.19,1.19
2014.06.19 16:12:33.581,8.33805,8.3402,1.19,1.19
2014.06.19 16:12:34.601,8.33805,8.34025,1.19,1.19
2014.06.19 16:12:35.093,8.33816,8.3404,1.19,1.19
2014.06.19 16:12:35.976,8.33819,8.34056,1.19,1.19
2014.06.19 16:12:36.391,8.33818,8.34056,1.19,1.00
2014.06.19 16:12:36.543,8.33818,8.34067,1.19,1.00
2014.06.19 16:12:37.327,8.33818,8.34074,1.19,1.19
2014.06.19 16:12:38.095,8.33846,8.34077,1.19,1.00
2014.06.19 16:12:38.617,8.33846,8.34092,1.19,1.19
2014.06.19 16:12:39.082,8.33847,8.34092,1.19,1.19
2014.06.19 16:12:40.089,8.33847,8.34092,1.19,1.19
2014.06.19 16:12:41.094,8.33848,8.34092,1.19,1.19
2014.06.19 16:12:42.283,8.33842,8.34092,1.19,1.00
2014.06.19 16:12:43.140,8.33843,8.34092,1.19,1.00
2014.06.19 16:12:44.143,8.33838,8.34092,1.19,1.19
2014.06.19 16:12:45.158,8.33835,8.34092,1.19,1.19
2014.06.19 16:12:46.164,8.33839,8.34081,1.19,1.00
2014.06.19 16:12:47.148,8.33839,8.34094,1.19,1.19
2014.06.19 16:12:47.199,8.33839,8.34094,1.19,1.19
2014.06.19 16:12:48.166,8.33845,8.34096,1.19,1.19
2014.06.19 16:12:49.512,8.33847,8.34106,1.19,1.19
2014.06.19 16:12:51.126,8.33852,8.34106,1.19,1.19
2014.06.19 16:12:52.129,8.33848,8.34101,1.19,1.19
2014.06.19 16:12:53.090,8.33847,8.34096,1.19,1.19
2014.06.19 16:12:54.093,8.33847,8.34097,1.69,1.19
2014.06.19 16:12:54.830,8.33847,8.34106,1.00,1.00
2014.06.19 16:12:54.931,8.33847,8.34131,1.00,1.00
2014.06.19 16:12:54.982,8.33874,8.34131,1.50,1.00
2014.06.19 16:12:55.033,8.33889,8.34181,1.00,1.00
2014.06.19 16:12:55.134,8.33931,8.34203,1.00,1.00
2014.06.19 16:12:55.437,8.33936,8.34078,1.00,1.00
2014.06.19 16:12:55.488,8.33911,8.34078,1.00,1.00
2014.06.19 16:12:55.539,8.33895,8.34134,1.00,1.00
2014.06.19 16:12:55.590,8.33895,8.3412,1.00,1.00
2014.06.19 16:12:55.691,8.33865,8.34134,1.00,1.00
2014.06.19 16:12:56.529,8.33865,8.34134,1.19,1.19
2014.06.19 16:12:57.551,8.33865,8.3413,1.19,1.19
2014.06.19 16:12:58.556,8.33862,8.34125,1.19,1.19
2014.06.19 16:12:59.585,8.33862,8.34124,1.69,1.19
2014.06.19 16:13:00.547,8.33862,8.34114,1.19,1.19
2014.06.19 16:13:01.352,8.33876,8.34148,1.00,1.00
2014.06.19 16:13:01.453,8.33944,8.34155,1.00,1.00
2014.06.19 16:13:01.504,8.33944,8.34301,1.00,1.88
2014.06.19 16:13:01.555,8.33971,8.34341,1.00,1.00
2014.06.19 16:13:01.657,8.34123,8.34357,1.00,1.00
2014.06.19 16:13:01.758,8.34096,8.34337,1.00,1.00
2014.06.19 16:13:01.809,8.34096,8.34326,1.00,1.00
2014.06.19 16:13:01.910,8.34036,8.34277,1.00,1.00
2014.06.19 16:13:01.961,8.34003,8.34259,1.00,1.00
2014.06.19 16:13:02.012,8.33987,8.34258,1.00,1.00
2014.06.19 16:13:02.113,8.33987,8.3424,1.00,1.00
2014.06.19 16:13:03.524,8.33987,8.34224,1.00,1.00
2014.06.19 16:13:03.676,8.33952,8.34224,1.50,1.00
2014.06.19 16:13:04.082,8.33952,8.34211,1.00,1.00
2014.06.19 16:13:05.023,8.33952,8.34189,1.00,1.00
2014.06.19 16:13:05.100,8.33952,8.34204,1.00,1.00
2014.06.19 16:13:05.974,8.33952,8.34203,1.00,1.00
2014.06.19 16:13:06.025,8.3392,8.34183,1.00,1.00
2014.06.19 16:13:09.404,8.3392,8.34172,1.00,1.00
2014.06.19 16:13:09.707,8.33923,8.34172,1.00,1.00
2014.06.19 16:13:11.867,8.33936,8.34172,1.00,1.00
2014.06.19 16:13:13.137,8.33936,8.34157,1.00,1.00
2014.06.19 16:13:16.096,8.33947,8.34157,1.00,1.00
2014.06.19 16:13:16.209,8.33947,8.34172,1.00,1.00
2014.06.19 16:13:30.298,8.3396,8.34172,1.00,1.00
2014.06.19 16:13:30.399,8.3396,8.34188,1.00,1.00
2014.06.19 16:13:30.509,8.3396,8.34181,1.00,1.00
2014.06.19 16:13:30.661,8.3396,8.34197,1.00,1.00
2014.06.19 16:13:30.762,8.33957,8.34197,1.00,1.00
2014.06.19 16:13:30.863,8.33961,8.34197,1.00,1.00
2014.06.19 16:13:30.964,8.33975,8.34224,1.00,1.00
2014.06.19 16:13:31.268,8.33983,8.34224,1.00,1.00
2014.06.19 16:13:32.395,8.33983,8.34228,1.00,1.00
2014.06.19 16:13:34.289,8.33989,8.34228,1.00,1.00
2014.06.19 16:13:35.358,8.33983,8.34228,1.00,1.00
2014.06.19 16:13:35.459,8.33962,8.34228,1.00,1.50
2014.06.19 16:13:35.560,8.33956,8.34212,1.00,1.00
2014.06.19 16:13:35.965,8.33934,8.342,1.00,1.00
2014.06.19 16:13:36.119,8.33934,8.34184,1.00,1.00
2014.06.19 16:13:37.349,8.33916,8.34183,1.00,1.00
2014.06.19 16:13:37.400,8.33911,8.34176,1.00,1.00
2014.06.19 16:13:37.951,8.33915,8.34182,1.00,1.00
2014.06.19 16:13:38.463,8.33911,8.34176,1.00,1.00
2014.06.19 16:13:39.314,8.33911,8.34166,1.00,1.00
2014.06.19 16:13:40.332,8.33911,8.34163,1.00,1.00
2014.06.19 16:13:40.635,8.33911,8.34152,1.00,1.00
2014.06.19 16:13:41.487,8.33888,8.34152,1.00,1.00
2014.06.19 16:13:48.446,8.33888,8.34141,1.00,1.00
2014.06.19 16:13:48.648,8.33894,8.34152,1.00,1.00
2014.06.19 16:13:48.699,8.33929,8.34152,1.19,1.00
2014.06.19 16:13:48.800,8.33951,8.34166,1.00,1.00
2014.06.19 16:13:49.003,8.33964,8.34166,1.19,1.00
2014.06.19 16:13:49.205,8.34007,8.34229,1.19,1.00
2014.06.19 16:13:49.306,8.34007,8.34237,1.19,1.00
2014.06.19 16:13:49.357,8.34007,8.34262,1.19,1.00
2014.06.19 16:13:49.458,8.34007,8.34271,1.19,1.19
2014.06.19 16:13:50.207,8.34007,8.34271,1.00,1.00
2014.06.19 16:13:54.357,8.34007,8.34259,1.00,1.00
2014.06.19 16:13:55.021,8.33994,8.34259,1.00,1.00
2014.06.19 16:13:55.122,8.33994,8.34243,1.00,1.00
2014.06.19 16:13:56.007,8.33994,8.34243,1.19,1.19
2014.06.19 16:13:58.013,8.33994,8.34243,1.00,1.19
2014.06.19 16:13:59.020,8.33994,8.34243,1.00,1.19
2014.06.19 16:14:00.527,8.33994,8.34243,1.00,1.19
2014.06.19 16:14:02.537,8.33987,8.34241,1.00,1.19
2014.06.19 16:14:03.559,8.33987,8.34254,1.19,1.19
2014.06.19 16:14:03.983,8.34001,8.34273,1.00,1.19
2014.06.19 16:14:04.322,8.34007,8.34273,1.00,1.19
2014.06.19 16:14:04.846,8.34007,8.34273,1.00,1.00
2014.06.19 16:14:05.520,8.34022,8.34273,1.00,1.00
2014.06.19 16:14:05.621,8.34022,8.34279,1.00,1.00
2014.06.19 16:14:07.620,8.34042,8.34279,1.00,1.00
2014.06.19 16:14:08.828,8.34028,8.34274,1.00,1.00
2014.06.19 16:14:09.611,8.34015,8.34261,1.00,1.00
2014.06.19 16:14:09.914,8.34012,8.34249,1.00,1.00
2014.06.19 16:14:09.965,8.34007,8.34249,1.00,1.00
2014.06.19 16:14:10.066,8.34007,8.34237,1.00,1.00
2014.06.19 16:14:10.718,8.34001,8.34237,1.00,1.00
2014.06.19 16:14:10.870,8.33995,8.34237,1.00,1.00
2014.06.19 16:14:12.720,8.33995,8.34237,1.19,1.19
2014.06.19 16:14:13.826,8.33995,8.34236,1.19,1.00
2014.06.19 16:14:14.830,8.33995,8.34236,1.00,1.19
2014.06.19 16:14:16.841,8.33995,8.34236,1.19,1.19
2014.06.19 16:14:17.845,8.33995,8.34236,1.19,1.19
2014.06.19 16:14:19.890,8.33995,8.34236,1.19,1.19
2014.06.19 16:14:20.195,8.33995,8.34223,1.19,1.00
2014.06.19 16:14:21.061,8.33977,8.34223,1.19,1.19
2014.06.19 16:14:21.809,8.33972,8.34211,1.19,1.00
2014.06.19 16:14:21.961,8.33981,8.34227,1.19,1.19
2014.06.19 16:14:22.286,8.33972,8.34211,1.19,1.00
2014.06.19 16:14:22.389,8.33978,8.34224,1.19,1.19
2014.06.19 16:14:22.468,8.33972,8.34212,1.19,1.00
2014.06.19 16:14:22.790,8.33972,8.34212,1.19,1.19
2014.06.19 16:14:23.612,8.33984,8.34217,1.00,1.19
2014.06.19 16:14:23.716,8.33972,8.34216,1.00,1.19
2014.06.19 16:14:24.558,8.33983,8.34216,1.00,1.19
2014.06.19 16:14:24.710,8.33972,8.34217,1.00,1.19
2014.06.19 16:14:26.748,8.33972,8.34216,1.19,1.19
2014.06.19 16:14:27.625,8.33972,8.34216,1.19,1.19
2014.06.19 16:14:29.330,8.33972,8.34216,1.19,1.19
2014.06.19 16:14:30.974,8.33972,8.34204,1.19,1.19
2014.06.19 16:14:31.948,8.33972,8.34204,1.19,1.19
2014.06.19 16:14:32.961,8.33972,8.34204,1.19,1.19
2014.06.19 16:14:33.988,8.33972,8.34204,1.19,1.19
2014.06.19 16:14:35.005,8.33958,8.34204,1.19,1.19
2014.06.19 16:14:36.908,8.33958,8.34204,1.19,1.19
2014.06.19 16:14:37.876,8.33958,8.34204,1.19,1.19
2014.06.19 16:14:38.911,8.33952,8.34193,1.69,1.19
2014.06.19 16:14:39.830,8.33952,8.34193,1.19,1.19
2014.06.19 16:14:41.328,8.33959,8.34193,1.19,1.19
2014.06.19 16:14:42.334,8.33956,8.34193,1.19,1.19
2014.06.19 16:14:43.339,8.33955,8.34193,1.19,1.19
2014.06.19 16:14:44.344,8.33964,8.34193,1.19,1.19
2014.06.19 16:14:47.055,8.33973,8.34193,1.19,1.19
2014.06.19 16:14:48.077,8.33978,8.34193,1.19,1.19
2014.06.19 16:14:49.065,8.33974,8.34193,1.19,1.19
2014.06.19 16:14:50.071,8.33971,8.34193,1.19,1.19
2014.06.19 16:14:51.077,8.33961,8.34193,1.19,1.19
2014.06.19 16:14:52.080,8.33962,8.34193,1.19,1.19
2014.06.19 16:14:53.820,8.33966,8.34194,1.19,1.19
2014.06.19 16:14:54.826,8.33967,8.34193,1.19,1.69
2014.06.19 16:14:55.830,8.3396,8.34189,1.19,1.19
2014.06.19 16:14:56.835,8.3396,8.34189,1.19,1.19
2014.06.19 16:14:57.842,8.33956,8.34182,1.19,1.19
2014.06.19 16:14:59.391,8.33996,8.34193,1.19,1.19
2014.06.19 16:15:00.398,8.34018,8.34206,1.19,1.19
2014.06.19 16:15:01.361,8.34013,8.34206,1.19,1.19
2014.06.19 16:15:02.367,8.3401,8.34206,1.19,1.19
2014.06.19 16:15:03.374,8.34011,8.34206,1.19,1.19
2014.06.19 16:15:04.380,8.34001,8.34206,1.19,1.19
2014.06.19 16:15:04.839,8.33979,8.342,1.19,1.79
2014.06.19 16:15:04.891,8.33979,8.34136,1.00,1.00
2014.06.19 16:15:04.992,8.33959,8.34136,1.00,1.19
2014.06.19 16:15:05.094,8.33928,8.34117,1.19,1.19
2014.06.19 16:15:05.432,8.33915,8.341,1.19,1.19
2014.06.19 16:15:06.131,8.33914,8.34131,1.19,1.19
2014.06.19 16:15:06.235,8.33953,8.34151,1.19,1.00
2014.06.19 16:15:06.286,8.33953,8.34172,1.19,1.19
2014.06.19 16:15:06.438,8.33971,8.34176,1.19,1.00
2014.06.19 16:15:07.331,8.3397,8.34176,1.19,1.19
2014.06.19 16:15:08.315,8.33971,8.34187,1.19,1.19
2014.06.19 16:15:09.347,8.33964,8.34187,1.19,1.19
2014.06.19 16:15:10.369,8.33966,8.34187,1.19,1.19
2014.06.19 16:15:11.364,8.33966,8.34187,1.19,1.19
2014.06.19 16:15:12.328,8.33961,8.34187,1.19,1.19
2014.06.19 16:15:13.334,8.33961,8.34187,1.19,1.19
2014.06.19 16:15:15.343,8.33956,8.34187,1.19,1.19
2014.06.19 16:15:16.664,8.3395,8.34185,1.19,1.19
2014.06.19 16:15:16.970,8.33972,8.34187,1.19,1.19
2014.06.19 16:15:17.854,8.33971,8.34187,1.19,1.19
2014.06.19 16:15:19.464,8.3396,8.34187,1.19,1.19
2014.06.19 16:15:20.716,8.3396,8.34187,1.19,1.19
2014.06.19 16:15:21.950,8.3397,8.34196,1.19,1.19
2014.06.19 16:15:22.811,8.33977,8.34196,1.19,1.19
2014.06.19 16:15:23.815,8.33972,8.34196,1.19,1.19
2014.06.19 16:15:24.819,8.33966,8.34196,1.19,1.19
2014.06.19 16:15:25.837,8.33965,8.34196,1.19,1.19
2014.06.19 16:15:26.834,8.3397,8.34196,1.19,1.19
2014.06.19 16:15:27.836,8.3397,8.34186,1.19,1.19
2014.06.19 16:15:28.839,8.33973,8.34186,1.19,1.19
2014.06.19 16:15:29.874,8.33969,8.34186,1.19,1.19
2014.06.19 16:15:32.856,8.33967,8.34186,1.19,1.19
2014.06.19 16:15:34.865,8.33969,8.34186,1.19,1.19
2014.06.19 16:15:37.013,8.33968,8.34186,1.19,1.00
2014.06.19 16:15:37.164,8.33968,8.34176,1.19,1.00
2014.06.19 16:15:37.854,8.33972,8.34176,1.19,1.19
2014.06.19 16:15:39.027,8.33963,8.34176,1.19,1.19
2014.06.19 16:15:39.817,8.33964,8.34176,1.19,1.19
2014.06.19 16:15:41.625,8.33968,8.34176,1.19,1.19
2014.06.19 16:15:42.630,8.3397,8.34176,1.19,1.19
2014.06.19 16:15:43.635,8.33969,8.34176,1.19,1.19
2014.06.19 16:15:45.714,8.33971,8.34176,1.19,1.19
2014.06.19 16:15:46.650,8.33964,8.34176,1.19,1.19
2014.06.19 16:15:47.654,8.33969,8.34176,1.19,1.19
2014.06.19 16:15:49.194,8.33951,8.34166,1.00,1.19
2014.06.19 16:15:49.295,8.33951,8.34164,1.19,1.19
2014.06.19 16:15:51.170,8.33944,8.34154,1.19,1.19
2014.06.19 16:15:52.175,8.33944,8.34155,1.19,1.19
2014.06.19 16:15:52.742,8.33982,8.34166,1.19,1.69
2014.06.19 16:15:53.528,8.33952,8.34146,1.19,1.19
2014.06.19 16:15:54.521,8.33944,8.34151,1.19,1.19
2014.06.19 16:15:55.541,8.3395,8.34156,1.19,1.19
2014.06.19 16:15:56.561,8.33948,8.34155,1.19,1.19
2014.06.19 16:15:57.750,8.33944,8.34146,1.19,1.19
2014.06.19 16:15:58.541,8.33943,8.34146,1.19,1.19
2014.06.19 16:15:59.579,8.33951,8.34136,1.19,1.19
2014.06.19 16:16:00.387,8.33984,8.34156,1.19,1.19
2014.06.19 16:16:01.657,8.33996,8.34166,1.19,1.19
2014.06.19 16:16:02.657,8.33998,8.34166,1.19,1.19
2014.06.19 16:16:05.675,8.3399,8.34166,1.19,1.19
2014.06.19 16:16:07.815,8.34004,8.34166,1.19,1.19
2014.06.19 16:16:08.134,8.33983,8.34166,1.19,1.19
2014.06.19 16:16:08.235,8.3396,8.34166,1.19,1.19
2014.06.19 16:16:09.524,8.3396,8.34156,1.19,1.19
2014.06.19 16:16:11.153,8.33956,8.34156,1.19,1.19
2014.06.19 16:16:12.139,8.33956,8.34156,1.19,1.19
2014.06.19 16:16:13.143,8.33956,8.34156,1.19,1.19
2014.06.19 16:16:15.153,8.33956,8.34156,1.19,1.19
2014.06.19 16:16:16.159,8.33948,8.34154,1.19,1.19
2014.06.19 16:16:16.869,8.33948,8.34126,1.19,1.00
2014.06.19 16:16:17.760,8.33948,8.34136,1.19,1.19
2014.06.19 16:16:17.862,8.33948,8.34126,1.19,1.00
2014.06.19 16:16:18.406,8.33943,8.34126,1.19,1.19
2014.06.19 16:16:18.871,8.33942,8.34126,1.19,1.19
2014.06.19 16:16:19.886,8.33941,8.34126,1.19,1.19
2014.06.19 16:16:21.009,8.33946,8.34116,1.19,1.19
2014.06.19 16:16:21.945,8.33945,8.34116,1.19,1.19
2014.06.19 16:16:22.919,8.33948,8.34132,1.19,1.19
2014.06.19 16:16:24.937,8.33944,8.34116,1.19,1.19
2014.06.19 16:16:25.132,8.33967,8.34116,1.19,1.00
2014.06.19 16:16:25.563,8.33984,8.34136,1.19,1.00
2014.06.19 16:16:25.896,8.33991,8.3416,2.29,1.19
2014.06.19 16:16:26.837,8.33993,8.34176,1.79,1.19
2014.06.19 16:16:27.843,8.33993,8.34176,1.79,1.19
2014.06.19 16:16:28.849,8.33994,8.34176,1.79,1.19
2014.06.19 16:16:29.852,8.33994,8.34176,1.79,1.19
2014.06.19 16:16:32.916,8.33997,8.34176,1.19,1.19
2014.06.19 16:16:35.896,8.33997,8.34166,1.19,1.19
2014.06.19 16:16:36.337,8.33997,8.34156,1.19,1.00
2014.06.19 16:16:37.122,8.33991,8.34156,3.04,1.19
2014.06.19 16:16:38.152,8.33994,8.34156,1.79,1.19
2014.06.19 16:16:41.139,8.33996,8.34156,1.19,1.00
2014.06.19 16:16:43.148,8.33997,8.34156,1.19,1.00
2014.06.19 16:16:45.172,8.33991,8.34156,2.10,1.19
2014.06.19 16:16:45.273,8.33996,8.34156,1.19,1.00
2014.06.19 16:16:46.158,8.33991,8.34156,2.29,1.19
2014.06.19 16:16:48.305,8.33991,8.34175,3.04,1.19
2014.06.19 16:16:48.609,8.34052,8.34234,1.19,1.19
2014.06.19 16:16:49.602,8.34047,8.3424,1.19,1.19
2014.06.19 16:16:50.574,8.34047,8.34242,1.19,1.69
2014.06.19 16:16:51.577,8.34043,8.34241,1.19,1.19
2014.06.19 16:16:52.192,8.34049,8.34249,1.19,1.19
2014.06.19 16:16:53.185,8.34049,8.34249,1.19,1.19
2014.06.19 16:16:55.230,8.34049,8.34249,1.19,1.19
2014.06.19 16:16:56.233,8.34052,8.34249,1.19,1.19
2014.06.19 16:16:57.238,8.34053,8.34249,1.19,1.19
2014.06.19 16:16:58.243,8.34057,8.34246,1.19,1.19
2014.06.19 16:16:59.248,8.34061,8.34249,1.19,1.19
2014.06.19 16:17:00.252,8.3406,8.34249,1.19,1.69
2014.06.19 16:17:02.276,8.34061,8.34249,1.19,1.19
2014.06.19 16:17:04.310,8.3406,8.34249,1.19,1.69
2014.06.19 16:17:05.317,8.34059,8.34243,1.19,1.19
2014.06.19 16:17:06.278,8.34052,8.34256,1.19,1.19
2014.06.19 16:17:07.283,8.34052,8.34256,1.19,1.19
2014.06.19 16:17:10.434,8.34053,8.34256,1.19,1.19
2014.06.19 16:17:11.338,8.34052,8.34256,1.19,1.19
2014.06.19 16:17:13.043,8.34068,8.34256,1.19,1.19
2014.06.19 16:17:14.068,8.34062,8.34247,1.19,1.19
2014.06.19 16:17:15.052,8.34061,8.34247,1.19,1.19
2014.06.19 16:17:15.153,8.34048,8.34256,1.19,1.19
2014.06.19 16:17:16.157,8.34062,8.34246,1.19,1.19
2014.06.19 16:17:17.161,8.34057,8.34241,1.19,1.19
2014.06.19 16:17:18.180,8.34062,8.34247,1.19,1.19
2014.06.19 16:17:19.168,8.3406,8.34245,1.19,1.19
2014.06.19 16:17:23.208,8.34052,8.34236,1.19,1.19
2014.06.19 16:17:25.229,8.3405,8.34234,1.19,1.19
2014.06.19 16:17:26.702,8.34052,8.34264,1.19,1.19
2014.06.19 16:17:29.449,8.34052,8.34264,1.19,1.69
2014.06.19 16:17:31.459,8.3406,8.34264,1.19,1.19
2014.06.19 16:17:33.479,8.34053,8.34264,1.19,1.19
2014.06.19 16:17:35.420,8.34052,8.34256,1.19,1.19
2014.06.19 16:17:36.434,8.34055,8.34257,1.19,1.19
2014.06.19 16:17:37.439,8.34046,8.34257,1.19,1.19
2014.06.19 16:17:37.756,8.34046,8.34245,1.19,1.00
2014.06.19 16:17:38.439,8.34051,8.34245,1.19,1.19
2014.06.19 16:17:40.449,8.34057,8.34245,1.19,1.00
2014.06.19 16:17:41.494,8.34052,8.34245,1.19,1.19
2014.06.19 16:17:42.461,8.3405,8.34245,1.19,1.19
2014.06.19 16:17:42.676,8.34026,8.34245,1.19,1.19
2014.06.19 16:17:43.191,8.34026,8.34233,1.19,1.00
2014.06.19 16:17:43.697,8.34025,8.34233,1.19,1.25
2014.06.19 16:17:44.672,8.34028,8.34233,1.19,1.19
2014.06.19 16:17:45.677,8.34028,8.34233,1.19,1.19
2014.06.19 16:17:47.583,8.34012,8.34233,1.79,1.19
2014.06.19 16:17:48.590,8.34012,8.34233,1.79,1.19
2014.06.19 16:17:51.031,8.34006,8.34233,1.79,1.19
2014.06.19 16:17:51.881,8.34019,8.34233,1.19,1.00
2014.06.19 16:17:52.849,8.34028,8.34233,1.19,1.00
2014.06.19 16:17:53.845,8.34025,8.34233,1.19,1.19
2014.06.19 16:17:54.873,8.34015,8.34233,1.19,1.19
2014.06.19 16:17:55.777,8.34026,8.34233,1.19,1.00
2014.06.19 16:17:56.780,8.34035,8.34233,1.19,1.00
2014.06.19 16:17:57.940,8.34035,8.34244,1.19,1.19
2014.06.19 16:17:59.597,8.34038,8.34244,1.19,1.19
2014.06.19 16:18:00.710,8.3404,8.34244,1.19,1.00
2014.06.19 16:18:01.265,8.34055,8.34244,1.19,1.00
2014.06.19 16:18:01.316,8.34055,8.34277,1.19,1.00
2014.06.19 16:18:01.721,8.34055,8.34273,1.19,1.00
2014.06.19 16:18:01.786,8.34055,8.34277,1.19,1.00
2014.06.19 16:18:02.322,8.34056,8.34277,1.19,1.00
2014.06.19 16:18:03.224,8.34059,8.34277,1.19,1.00
2014.06.19 16:18:03.766,8.34059,8.34274,1.19,1.00
2014.06.19 16:18:04.202,8.34062,8.34274,1.19,1.25
2014.06.19 16:18:04.506,8.34062,8.34264,1.19,1.00
2014.06.19 16:18:04.557,8.34062,8.34274,1.19,1.25
2014.06.19 16:18:04.760,8.34062,8.34264,1.19,1.00
2014.06.19 16:18:05.446,8.34074,8.34282,1.19,1.00
2014.06.19 16:18:06.407,8.34064,8.34282,1.19,1.00
2014.06.19 16:18:06.769,8.34083,8.34282,1.00,1.00
2014.06.19 16:18:06.870,8.34066,8.34282,1.19,1.00
2014.06.19 16:18:07.392,8.34061,8.34282,1.19,1.00
2014.06.19 16:18:08.302,8.34061,8.34282,1.19,1.00
2014.06.19 16:18:09.399,8.34059,8.34282,1.19,1.00
2014.06.19 16:18:10.434,8.34068,8.34152,1.00,1.00
2014.06.19 16:18:10.537,8.34068,8.34275,1.19,1.00
2014.06.19 16:18:10.638,8.34068,8.34299,1.19,1.19
2014.06.19 16:18:10.739,8.34068,8.34287,1.19,1.00
2014.06.19 16:18:11.350,8.34063,8.34287,1.19,1.00
2014.06.19 16:18:11.657,8.34053,8.34287,1.00,1.00
2014.06.19 16:18:11.708,8.34053,8.34325,1.00,1.00
2014.06.19 16:18:11.809,8.34094,8.34332,1.00,1.00
2014.06.19 16:18:11.860,8.34114,8.34386,1.00,1.00
2014.06.19 16:18:12.012,8.34123,8.34386,1.00,1.00
2014.06.19 16:18:12.316,8.34091,8.3434,1.00,1.00
2014.06.19 16:18:12.468,8.34071,8.34328,1.00,1.00
2014.06.19 16:18:12.520,8.34061,8.34328,1.00,1.00
2014.06.19 16:18:12.571,8.34061,8.34316,1.00,1.00
2014.06.19 16:18:13.451,8.34039,8.34304,1.00,1.00
2014.06.19 16:18:13.653,8.34059,8.34304,1.19,1.00
2014.06.19 16:18:13.984,8.34059,8.34293,1.19,1.00
2014.06.19 16:18:15.123,8.3405,8.34293,1.19,1.19
2014.06.19 16:18:16.136,8.34047,8.34293,1.19,1.19
2014.06.19 16:18:16.798,8.34047,8.3428,1.19,1.00
2014.06.19 16:18:17.131,8.3405,8.3428,1.19,1.00
2014.06.19 16:18:18.174,8.34058,8.3428,1.19,1.00
2014.06.19 16:18:19.159,8.3406,8.3428,1.19,1.00
2014.06.19 16:18:20.181,8.34055,8.3428,1.19,1.00
2014.06.19 16:18:21.184,8.34051,8.3428,1.19,1.19
2014.06.19 16:18:23.194,8.34052,8.3428,1.19,1.19
2014.06.19 16:18:24.439,8.34017,8.3428,1.00,1.00
2014.06.19 16:18:24.540,8.34048,8.3428,1.19,1.00
2014.06.19 16:18:25.221,8.34135,8.3428,1.19,1.00
2014.06.19 16:18:25.419,8.34098,8.34289,1.19,1.00
2014.06.19 16:18:25.470,8.34098,8.34329,1.19,1.00
2014.06.19 16:18:25.521,8.34083,8.34309,1.19,1.00
2014.06.19 16:18:26.609,8.3408,8.34309,1.19,1.00
2014.06.19 16:18:27.216,8.34062,8.34309,1.19,1.19
2014.06.19 16:18:27.267,8.34062,8.34298,1.19,1.00
2014.06.19 16:18:28.287,8.34062,8.34284,1.19,1.00
2014.06.19 16:18:28.388,8.34062,8.34295,1.19,1.00
2014.06.19 16:18:28.641,8.34064,8.34295,1.19,1.00
2014.06.19 16:18:28.793,8.34064,8.343,1.19,1.00
2014.06.19 16:18:30.627,8.3406,8.343,1.19,1.00
2014.06.19 16:18:31.633,8.34054,8.343,1.19,1.00
2014.06.19 16:18:31.969,8.34054,8.34294,1.19,1.00
2014.06.19 16:18:32.638,8.34048,8.34294,1.19,1.00
2014.06.19 16:18:33.643,8.34051,8.34294,1.19,1.00
2014.06.19 16:18:34.646,8.34057,8.34294,1.19,1.00
2014.06.19 16:18:35.580,8.34056,8.34294,1.19,1.00
2014.06.19 16:18:37.294,8.34064,8.34294,1.19,1.19
2014.06.19 16:18:38.429,8.34064,8.34282,1.19,1.00
2014.06.19 16:18:38.482,8.34058,8.34282,1.19,1.19
2014.06.19 16:18:39.306,8.34057,8.34282,1.19,1.00
2014.06.19 16:18:40.312,8.3405,8.34282,1.19,1.19
2014.06.19 16:18:42.340,8.34059,8.34282,1.19,1.00
2014.06.19 16:18:43.193,8.34148,8.34329,1.19,1.00
2014.06.19 16:18:43.244,8.34084,8.34189,1.50,1.00
2014.06.19 16:18:43.296,8.34084,8.34248,1.50,1.00
2014.06.19 16:18:43.398,8.34086,8.34379,1.00,1.00
2014.06.19 16:18:43.500,8.34141,8.34413,1.00,1.00
2014.06.19 16:18:43.602,8.34163,8.34436,1.50,1.00
2014.06.19 16:18:43.703,8.34175,8.34436,1.00,1.00
2014.06.19 16:18:43.855,8.34168,8.34432,1.00,1.00
2014.06.19 16:18:43.906,8.34168,8.34398,1.00,1.00
2014.06.19 16:18:44.059,8.34129,8.34381,1.00,1.00
2014.06.19 16:18:44.160,8.34129,8.34369,1.00,1.00
2014.06.19 16:18:46.299,8.34096,8.34345,1.00,1.00
2014.06.19 16:18:47.185,8.34075,8.34345,1.00,1.00
2014.06.19 16:18:47.286,8.34072,8.34334,1.00,1.00
2014.06.19 16:18:47.438,8.34076,8.34346,1.00,1.00
2014.06.19 16:18:47.744,8.34072,8.34334,1.00,1.00
2014.06.19 16:18:47.845,8.34073,8.34345,1.00,1.00
2014.06.19 16:18:47.896,8.34077,8.34345,1.00,1.00
2014.06.19 16:18:48.214,8.34078,8.34279,1.00,1.00
2014.06.19 16:18:48.315,8.34126,8.34389,1.00,1.00
2014.06.19 16:18:48.417,8.34135,8.34389,1.00,1.00
2014.06.19 16:18:48.739,8.3415,8.34378,1.00,1.00
2014.06.19 16:18:48.865,8.3412,8.34378,1.00,1.00
2014.06.19 16:18:49.242,8.34131,8.34378,1.00,1.00
2014.06.19 16:18:49.345,8.3412,8.34378,1.00,1.00
2014.06.19 16:18:49.753,8.3412,8.34369,1.00,1.00
2014.06.19 16:18:50.140,8.34137,8.34369,1.19,1.00
2014.06.19 16:18:50.457,8.34137,8.34367,1.19,1.00
2014.06.19 16:18:51.816,8.3412,8.34367,1.69,1.00
2014.06.19 16:18:51.967,8.3412,8.34355,1.69,1.00
2014.06.19 16:18:53.137,8.34098,8.34355,1.00,1.00
2014.06.19 16:18:53.238,8.34098,8.34343,1.00,1.00
2014.06.19 16:18:53.596,8.34098,8.3433,1.00,1.00
2014.06.19 16:18:54.013,8.34065,8.3433,1.00,1.00
2014.06.19 16:18:54.115,8.34065,8.34318,1.00,1.00
2014.06.19 16:18:54.535,8.34065,8.3432,1.00,1.00
2014.06.19 16:18:54.917,8.34065,8.34309,1.00,1.00
2014.06.19 16:18:55.328,8.34065,8.34309,1.19,1.00
2014.06.19 16:18:56.332,8.3407,8.34309,1.19,1.00
2014.06.19 16:18:57.150,8.3407,8.34308,1.19,1.00
2014.06.19 16:18:57.630,8.3407,8.34296,1.19,1.00
2014.06.19 16:18:58.250,8.34063,8.34296,1.19,1.19
2014.06.19 16:18:59.256,8.34064,8.34296,1.19,1.19
2014.06.19 16:19:00.155,8.34064,8.34284,1.19,1.00
2014.06.19 16:19:00.865,8.34064,8.34284,1.19,1.00
2014.06.19 16:19:01.254,8.34058,8.34284,1.19,1.19
2014.06.19 16:19:02.282,8.34065,8.34284,1.19,1.00
2014.06.19 16:19:03.186,8.34069,8.34284,1.19,1.00
2014.06.19 16:19:04.190,8.34068,8.34284,1.19,1.00
2014.06.19 16:19:06.315,8.34054,8.34284,1.19,1.19
2014.06.19 16:19:07.331,8.3405,8.34284,1.19,1.19
2014.06.19 16:19:08.306,8.34051,8.34284,1.19,1.19
2014.06.19 16:19:09.616,8.34065,8.34284,1.19,1.19
2014.06.19 16:19:11.022,8.34062,8.34284,1.19,1.19
2014.06.19 16:19:12.027,8.34064,8.34284,1.19,1.19
2014.06.19 16:19:13.376,8.34077,8.34284,1.19,1.00
2014.06.19 16:19:13.578,8.34077,8.34308,1.19,1.19
2014.06.19 16:19:13.978,8.3411,8.34308,1.19,1.19
2014.06.19 16:19:14.239,8.34105,8.34308,1.19,1.00
2014.06.19 16:19:14.613,8.34133,8.34308,1.19,1.00
2014.06.19 16:19:14.666,8.34133,8.34322,1.19,1.00
2014.06.19 16:19:14.767,8.34133,8.34346,1.19,1.19
2014.06.19 16:19:14.919,8.34133,8.34295,1.19,2.25
2014.06.19 16:19:15.071,8.34124,8.34348,1.19,1.19
2014.06.19 16:19:15.122,8.34124,8.34298,1.19,1.00
2014.06.19 16:19:15.325,8.34124,8.34307,1.19,1.00
2014.06.19 16:19:15.426,8.34124,8.34344,1.19,1.00
2014.06.19 16:19:15.869,8.34149,8.34344,1.19,1.00
2014.06.19 16:19:16.021,8.34149,8.3436,1.19,1.00
2014.06.19 16:19:16.072,8.34149,8.34373,1.19,1.00
2014.06.19 16:19:16.682,8.34149,8.34374,1.19,1.00
2014.06.19 16:19:16.834,8.34149,8.34391,1.19,1.19
2014.06.19 16:19:17.806,8.34151,8.34391,1.19,1.00
2014.06.19 16:19:18.822,8.3415,8.34391,1.19,1.00
2014.06.19 16:19:19.838,8.34151,8.34391,1.19,1.19
2014.06.19 16:19:20.436,8.34201,8.34407,1.19,1.00
2014.06.19 16:19:20.538,8.34201,8.3442,1.19,1.19
2014.06.19 16:19:20.740,8.34221,8.34425,1.19,1.00
2014.06.19 16:19:20.791,8.34221,8.34435,1.19,1.00
2014.06.19 16:19:21.894,8.34221,8.34426,1.19,1.00
2014.06.19 16:19:22.011,8.34172,8.34426,1.00,1.00
2014.06.19 16:19:22.112,8.34172,8.34435,1.00,1.00
2014.06.19 16:19:25.749,8.34172,8.34425,1.00,1.00
2014.06.19 16:19:28.936,8.34158,8.34425,1.00,1.00
2014.06.19 16:19:29.088,8.34158,8.34408,1.00,1.00
2014.06.19 16:19:29.999,8.34151,8.34406,1.00,1.00
2014.06.19 16:19:30.050,8.34134,8.34405,1.00,1.00
2014.06.19 16:19:30.201,8.34134,8.34389,1.00,1.00
2014.06.19 16:19:30.626,8.34134,8.34373,1.00,1.00
2014.06.19 16:19:31.110,8.34134,8.34369,1.00,1.00
2014.06.19 16:19:31.607,8.34102,8.34369,1.00,1.00
2014.06.19 16:19:31.715,8.34102,8.34355,1.00,1.00
2014.06.19 16:19:32.123,8.3408,8.34344,1.00,1.00
2014.06.19 16:19:32.773,8.3408,8.34332,1.00,1.00
2014.06.19 16:19:33.541,8.3406,8.3433,1.00,1.00
2014.06.19 16:19:33.643,8.34058,8.34321,1.00,1.00
2014.06.19 16:19:34.402,8.34058,8.34308,1.00,1.00
2014.06.19 16:19:35.377,8.34058,8.34297,1.00,1.00
2014.06.19 16:19:37.354,8.34027,8.34297,1.00,1.00
2014.06.19 16:19:38.705,8.34027,8.34297,1.00,1.38
2014.06.19 16:19:39.146,8.34027,8.34297,1.00,1.00
2014.06.19 16:19:42.027,8.34027,8.34285,1.00,1.00
2014.06.19 16:19:42.331,8.34027,8.34274,1.00,1.00
2014.06.19 16:19:42.433,8.34,8.34261,1.00,1.00
2014.06.19 16:19:43.040,8.34,8.34249,1.00,1.00
2014.06.19 16:19:43.628,8.33977,8.34248,1.00,1.00
2014.06.19 16:19:45.247,8.33986,8.34248,1.00,1.00
2014.06.19 16:19:46.906,8.3399,8.34248,1.00,1.00
2014.06.19 16:19:46.957,8.33999,8.34264,1.00,1.00
2014.06.19 16:19:47.008,8.34007,8.34264,1.00,1.00
2014.06.19 16:19:48.986,8.34007,8.34271,1.00,1.00
2014.06.19 16:19:49.138,8.34025,8.34275,1.00,1.00
2014.06.19 16:19:49.188,8.34025,8.34288,1.00,1.00
2014.06.19 16:19:49.290,8.34025,8.34297,1.50,1.50
2014.06.19 16:19:49.340,8.34031,8.34297,1.00,1.00
2014.06.19 16:19:49.543,8.34025,8.34297,1.50,1.00
2014.06.19 16:19:49.694,8.34025,8.34259,1.00,1.00
2014.06.19 16:19:49.998,8.34045,8.34307,1.00,1.00
2014.06.19 16:19:50.048,8.34067,8.34329,1.00,1.00
2014.06.19 16:19:50.453,8.34067,8.34325,1.00,1.00
2014.06.19 16:19:50.554,8.34067,8.34329,1.00,1.00
2014.06.19 16:19:50.707,8.34067,8.34317,1.00,1.00
2014.06.19 16:19:50.758,8.34046,8.34317,1.00,1.00
2014.06.19 16:19:50.859,8.34051,8.34317,1.00,1.00
2014.06.19 16:19:51.162,8.34044,8.34306,1.00,1.00
2014.06.19 16:19:52.247,8.34044,8.34293,1.00,1.00
2014.06.19 16:19:53.349,8.34044,8.34304,1.00,1.00
2014.06.19 16:19:53.706,8.34044,8.34291,1.00,1.00
2014.06.19 16:19:53.807,8.34044,8.34309,1.50,1.00
2014.06.19 16:19:54.202,8.34044,8.34297,1.00,1.00
2014.06.19 16:19:55.306,8.34025,8.34294,1.00,1.00
2014.06.19 16:19:55.966,8.34022,8.34285,1.00,1.00
2014.06.19 16:19:56.067,8.34025,8.34294,1.00,1.00
2014.06.19 16:19:56.573,8.34025,8.34241,1.00,1.00
2014.06.19 16:19:56.675,8.3405,8.34294,1.00,1.00
2014.06.19 16:19:56.776,8.34037,8.34303,1.00,1.00
2014.06.19 16:19:56.877,8.34037,8.34291,1.00,1.00
2014.06.19 16:19:56.978,8.34037,8.34302,1.00,1.00
2014.06.19 16:19:57.291,8.3404,8.34309,1.00,1.00
2014.06.19 16:19:57.481,8.3404,8.34254,1.00,1.00
2014.06.19 16:19:57.533,8.3402,8.34254,1.00,1.00
2014.06.19 16:19:57.587,8.34031,8.34265,1.00,1.00
2014.06.19 16:19:57.638,8.34031,8.34295,1.00,1.00
2014.06.19 16:19:57.740,8.34036,8.34305,1.00,1.00
2014.06.19 16:19:57.841,8.34038,8.34305,1.00,1.00
2014.06.19 16:19:57.943,8.34056,8.34325,1.00,1.00
2014.06.19 16:19:57.994,8.34084,8.34325,1.00,1.00
2014.06.19 16:19:58.045,8.34084,8.34331,1.00,1.00
2014.06.19 16:19:58.096,8.34084,8.34344,1.00,1.00
2014.06.19 16:20:02.725,8.3411,8.34356,1.00,1.00
2014.06.19 16:20:02.877,8.34116,8.34384,1.00,1.00
2014.06.19 16:20:02.929,8.34135,8.34388,1.00,1.00
2014.06.19 16:20:03.232,8.34116,8.34366,1.00,1.00
2014.06.19 16:20:03.283,8.34116,8.34372,1.00,1.00
2014.06.19 16:20:03.335,8.34133,8.34372,1.00,1.00
2014.06.19 16:20:03.774,8.34117,8.34372,1.00,1.00
2014.06.19 16:20:03.926,8.34122,8.34381,1.00,1.00
2014.06.19 16:20:04.078,8.34122,8.34392,1.00,1.00
2014.06.19 16:20:04.583,8.34135,8.34392,1.00,1.00
2014.06.19 16:20:04.886,8.34171,8.34423,1.00,1.00
2014.06.19 16:20:04.937,8.34171,8.34436,1.00,1.00
2014.06.19 16:20:05.359,8.34173,8.34436,1.00,1.00
2014.06.19 16:20:05.786,8.34189,8.34436,1.00,1.00
2014.06.19 16:20:05.837,8.34189,8.34443,1.00,1.00
2014.06.19 16:20:06.776,8.34177,8.34443,1.00,1.00
2014.06.19 16:20:07.091,8.34187,8.34443,1.00,1.00
2014.06.19 16:20:07.244,8.34196,8.34463,1.00,1.00
2014.06.19 16:20:07.295,8.34203,8.34463,1.00,1.00
2014.06.19 16:20:07.345,8.34204,8.34468,1.00,1.00
2014.06.19 16:20:07.404,8.3422,8.34468,1.00,1.00
2014.06.19 16:20:07.946,8.3422,8.34476,1.00,1.00
2014.06.19 16:20:07.997,8.34268,8.34428,1.00,1.00
2014.06.19 16:20:08.149,8.34278,8.34473,1.00,1.00
2014.06.19 16:20:08.301,8.34292,8.34473,1.00,1.00
2014.06.19 16:20:08.503,8.34292,8.34492,1.00,1.00
2014.06.19 16:20:08.554,8.34277,8.34492,1.00,1.00
2014.06.19 16:20:09.066,8.34263,8.34492,1.00,1.00
2014.06.19 16:20:09.167,8.34263,8.3448,1.00,1.00
2014.06.19 16:20:12.665,8.34263,8.34486,1.00,1.00
2014.06.19 16:20:12.918,8.34276,8.34486,1.00,1.00
2014.06.19 16:20:13.829,8.34262,8.34456,1.00,1.00
2014.06.19 16:20:14.083,8.34262,8.34466,1.00,1.00
2014.06.19 16:20:14.613,8.34262,8.34446,1.00,1.00
2014.06.19 16:20:14.714,8.34247,8.34446,1.00,1.00
2014.06.19 16:20:15.337,8.34233,8.34446,1.00,1.00
2014.06.19 16:20:15.791,8.34224,8.34446,1.00,1.00
2014.06.19 16:20:15.842,8.34224,8.34436,1.00,1.00
2014.06.19 16:20:16.588,8.34224,8.34456,1.00,1.00
2014.06.19 16:20:19.362,8.34224,8.34466,1.00,1.00
2014.06.19 16:20:19.682,8.34231,8.34456,1.00,1.00
2014.06.19 16:20:19.885,8.34231,8.34466,1.00,1.00
2014.06.19 16:20:20.575,8.34231,8.34446,1.00,1.00
2014.06.19 16:20:20.828,8.34224,8.34446,1.00,1.00
2014.06.19 16:20:20.980,8.34204,8.34447,1.00,1.00
2014.06.19 16:20:21.082,8.34207,8.34447,1.00,1.00
2014.06.19 16:20:21.133,8.34207,8.34456,1.00,1.00
2014.06.19 16:20:22.074,8.34207,8.34458,1.00,1.00
2014.06.19 16:20:22.859,8.34207,8.34316,1.00,1.00
2014.06.19 16:20:22.960,8.34186,8.34316,1.00,1.00
2014.06.19 16:20:23.011,8.34169,8.34316,1.00,1.00
2014.06.19 16:20:23.112,8.34135,8.34307,1.00,1.00
2014.06.19 16:20:23.163,8.34121,8.34307,1.00,1.00
2014.06.19 16:20:23.264,8.34108,8.34307,1.00,1.00
2014.06.19 16:20:23.315,8.34107,8.34266,1.00,1.00
2014.06.19 16:20:23.365,8.34084,8.34266,1.00,1.00
2014.06.19 16:20:24.392,8.34088,8.34335,1.00,1.00
2014.06.19 16:20:24.493,8.3413,8.34361,1.00,1.00
2014.06.19 16:20:24.544,8.3413,8.3438,1.00,1.00
2014.06.19 16:20:24.594,8.34174,8.34399,1.00,1.00
2014.06.19 16:20:24.746,8.34174,8.34405,1.00,1.00
2014.06.19 16:20:24.847,8.34174,8.34393,1.00,1.00
2014.06.19 16:20:25.216,8.3416,8.34393,1.00,1.00
2014.06.19 16:20:25.736,8.3416,8.34381,1.00,1.00
2014.06.19 16:20:25.889,8.34146,8.34381,1.00,1.00
2014.06.19 16:20:26.456,8.3416,8.34381,1.00,1.00
2014.06.19 16:20:26.557,8.34143,8.34367,1.00,1.00
2014.06.19 16:20:26.922,8.34143,8.34356,1.00,1.00
2014.06.19 16:20:27.227,8.34173,8.34257,1.00,1.00
2014.06.19 16:20:27.329,8.34117,8.34257,1.00,1.00
2014.06.19 16:20:27.430,8.34087,8.34257,1.00,1.00
2014.06.19 16:20:28.905,8.34087,8.34266,1.00,1.00
2014.06.19 16:20:29.056,8.34072,8.34266,1.00,1.00
2014.06.19 16:20:30.293,8.34058,8.34266,1.00,1.00
2014.06.19 16:20:36.352,8.34064,8.34307,1.00,1.00
2014.06.19 16:20:36.403,8.34082,8.34307,1.00,1.00
2014.06.19 16:20:36.555,8.34112,8.3436,1.00,1.00
2014.06.19 16:20:36.606,8.34112,8.34354,1.00,1.00
2014.06.19 16:20:36.918,8.34167,8.34384,1.00,1.00
2014.06.19 16:20:37.019,8.34167,8.34396,1.00,1.00
2014.06.19 16:20:37.121,8.34185,8.34396,1.00,1.00
2014.06.19 16:20:37.223,8.3417,8.34396,1.00,1.00
2014.06.19 16:20:37.571,8.34185,8.34396,1.00,1.00
2014.06.19 16:20:37.672,8.34172,8.34396,1.00,1.00
2014.06.19 16:20:37.924,8.34172,8.34385,1.00,1.00
2014.06.19 16:20:37.975,8.34159,8.34385,1.00,1.00
2014.06.19 16:20:39.112,8.34159,8.34287,1.00,1.00
2014.06.19 16:20:39.314,8.34129,8.34287,1.00,1.00
2014.06.19 16:20:39.415,8.34083,8.34296,1.00,1.00
2014.06.19 16:20:39.517,8.34068,8.34296,1.00,1.00
2014.06.19 16:20:39.614,8.34083,8.34296,1.00,1.00
2014.06.19 16:20:40.384,8.34083,8.34286,1.00,1.00
2014.06.19 16:20:47.893,8.34083,8.34296,1.00,1.00
2014.06.19 16:20:50.101,8.34083,8.34286,1.00,1.00
2014.06.19 16:20:58.134,8.34083,8.34281,1.19,1.19
2014.06.19 16:20:59.560,8.34085,8.3428,1.19,1.19
2014.06.19 16:21:00.352,8.34078,8.3428,1.19,1.19
2014.06.19 16:21:01.358,8.34079,8.34279,1.19,1.19
2014.06.19 16:21:02.363,8.34102,8.34279,1.19,1.19
2014.06.19 16:21:02.968,8.34102,8.34286,1.00,1.00
2014.06.19 16:21:03.732,8.34118,8.34286,1.00,1.00
2014.06.19 16:21:03.937,8.34102,8.34286,1.00,1.00
2014.06.19 16:21:04.293,8.34102,8.34276,1.00,1.00
2014.06.19 16:21:04.620,8.34089,8.34297,1.00,1.19
2014.06.19 16:21:04.913,8.34102,8.34297,1.00,1.19
2014.06.19 16:21:05.722,8.34102,8.34297,1.00,1.25
2014.06.19 16:21:06.110,8.34102,8.34276,1.00,1.00
2014.06.19 16:21:06.448,8.34087,8.34276,1.00,1.00
2014.06.19 16:21:24.106,8.34087,8.3429,1.00,1.00
2014.06.19 16:21:25.072,8.34087,8.34286,1.00,1.00
2014.06.19 16:21:25.224,8.34072,8.34286,1.00,1.00
2014.06.19 16:21:27.327,8.34072,8.34301,1.00,1.19
2014.06.19 16:21:27.530,8.34087,8.34301,1.00,1.19
2014.06.19 16:21:27.581,8.34087,8.34301,1.00,1.00
2014.06.19 16:21:27.732,8.34099,8.34305,1.00,1.00
2014.06.19 16:21:28.036,8.34231,8.34423,1.00,1.00
2014.06.19 16:21:28.340,8.34204,8.34387,1.50,1.00
2014.06.19 16:21:28.756,8.34226,8.34387,1.00,1.00
2014.06.19 16:21:28.807,8.34212,8.34387,1.00,1.00
2014.06.19 16:21:28.858,8.34212,8.34404,1.00,1.00
2014.06.19 16:21:28.909,8.34212,8.34391,1.00,1.00
2014.06.19 16:21:28.960,8.34204,8.34391,1.50,1.00
2014.06.19 16:21:29.837,8.34204,8.34378,1.50,1.00
2014.06.19 16:21:29.939,8.34176,8.34378,1.00,1.00
2014.06.19 16:21:29.990,8.34153,8.34378,1.50,1.00
2014.06.19 16:21:30.142,8.34153,8.34412,1.50,1.00
2014.06.19 16:21:30.310,8.34173,8.34412,1.00,1.00
2014.06.19 16:21:30.953,8.34173,8.34413,1.00,1.00
2014.06.19 16:21:31.679,8.34173,8.34412,1.00,1.00
2014.06.19 16:21:31.983,8.34224,8.34425,1.50,1.00
2014.06.19 16:21:32.034,8.34224,8.3444,1.50,1.00
2014.06.19 16:21:32.539,8.34224,8.34468,1.50,1.00
2014.06.19 16:21:32.691,8.34228,8.34468,1.00,1.00
2014.06.19 16:21:32.999,8.34228,8.34462,1.00,1.00
2014.06.19 16:21:33.217,8.34211,8.34462,1.00,1.00
2014.06.19 16:21:33.268,8.34211,8.34449,1.00,1.00
2014.06.19 16:21:33.689,8.34211,8.34461,1.00,1.00
2014.06.19 16:21:34.194,8.3421,8.34461,1.00,1.00
2014.06.19 16:21:35.124,8.3421,8.34456,1.00,1.00
2014.06.19 16:21:35.428,8.34254,8.34496,1.00,1.19
2014.06.19 16:21:36.187,8.34245,8.34497,1.00,1.19
2014.06.19 16:21:37.111,8.34245,8.34502,1.19,1.19
2014.06.19 16:21:38.114,8.34257,8.34502,1.19,1.19
2014.06.19 16:21:39.318,8.34258,8.34502,1.19,1.25
2014.06.19 16:21:41.344,8.34261,8.3452,1.19,1.00
2014.06.19 16:21:41.395,8.34289,8.3452,1.00,1.00
2014.06.19 16:21:41.598,8.34313,8.3456,1.69,1.19
2014.06.19 16:21:41.700,8.34347,8.34566,1.00,1.19
2014.06.19 16:21:41.853,8.34347,8.34566,1.00,1.00
2014.06.19 16:21:41.954,8.34351,8.34619,1.00,1.00
2014.06.19 16:21:42.005,8.34383,8.34644,1.50,1.00
2014.06.19 16:21:42.106,8.34423,8.34692,1.00,1.00
2014.06.19 16:21:42.158,8.34423,8.34656,1.00,1.00
2014.06.19 16:21:42.461,8.34407,8.34628,1.00,1.00
2014.06.19 16:21:42.563,8.34379,8.34628,1.00,1.00
2014.06.19 16:21:42.664,8.34379,8.34615,1.00,1.00
2014.06.19 16:21:42.819,8.34376,8.34615,1.00,1.00
2014.06.19 16:21:43.205,8.34376,8.34634,1.00,1.00
2014.06.19 16:21:43.307,8.3437,8.34611,1.00,1.00
2014.06.19 16:21:43.611,8.3435,8.34514,1.19,1.00
2014.06.19 16:21:43.662,8.3435,8.34521,1.19,1.00
2014.06.19 16:21:43.713,8.34325,8.34492,1.19,1.00
2014.06.19 16:21:43.764,8.34315,8.34489,1.19,1.00
2014.06.19 16:21:43.815,8.34322,8.34489,1.00,1.00
2014.06.19 16:21:43.866,8.34322,8.34506,1.00,1.00
2014.06.19 16:21:43.917,8.34308,8.34516,1.00,1.00
2014.06.19 16:21:44.018,8.34308,8.34503,1.00,1.00
2014.06.19 16:21:44.120,8.34294,8.34503,1.00,1.00
2014.06.19 16:21:44.171,8.34294,8.34501,1.00,1.19
2014.06.19 16:21:44.222,8.34279,8.34491,1.00,1.00
2014.06.19 16:21:44.324,8.34263,8.34491,1.00,1.00
2014.06.19 16:21:44.636,8.34266,8.34524,1.00,1.19
2014.06.19 16:21:45.577,8.34266,8.34534,1.69,1.69
2014.06.19 16:21:46.551,8.34266,8.34534,1.69,1.69
2014.06.19 16:21:47.556,8.34266,8.34534,1.69,1.69
2014.06.19 16:21:47.864,8.34281,8.34534,1.00,1.19
2014.06.19 16:21:48.874,8.34268,8.34516,1.19,1.19
2014.06.19 16:21:49.026,8.34268,8.34516,1.19,1.00
2014.06.19 16:21:49.831,8.34268,8.34516,1.19,1.00
2014.06.19 16:21:50.085,8.34268,8.34506,1.19,1.00
2014.06.19 16:21:50.809,8.34266,8.34506,1.19,1.00
2014.06.19 16:21:51.192,8.34266,8.34476,1.00,1.00
2014.06.19 16:21:51.294,8.3425,8.34484,1.00,1.19
2014.06.19 16:21:51.345,8.3425,8.34474,1.00,1.19
2014.06.19 16:21:51.396,8.34236,8.34474,1.00,1.19
2014.06.19 16:21:51.497,8.34221,8.34474,1.00,1.19
2014.06.19 16:21:51.599,8.34214,8.3447,1.00,1.19
2014.06.19 16:21:53.344,8.34214,8.34457,1.00,1.69
2014.06.19 16:21:53.547,8.34194,8.34446,1.19,1.69
2014.06.19 16:21:54.675,8.34182,8.34442,1.00,1.19
2014.06.19 16:21:55.656,8.34182,8.34432,1.00,1.19
2014.06.19 16:21:56.544,8.34182,8.34432,1.25,1.19
2014.06.19 16:21:56.903,8.34194,8.34432,1.00,1.19
2014.06.19 16:21:57.358,8.34182,8.34416,1.25,1.19
2014.06.19 16:21:57.409,8.34182,8.34409,1.25,1.00
2014.06.19 16:21:58.068,8.3416,8.34408,1.00,1.19
2014.06.19 16:21:58.119,8.34147,8.34408,1.00,1.19
2014.06.19 16:21:59.092,8.34147,8.34401,1.00,1.19
2014.06.19 16:22:00.102,8.34147,8.34396,1.00,1.19
2014.06.19 16:22:00.306,8.34129,8.34392,1.00,1.00
2014.06.19 16:22:00.486,8.34124,8.34282,1.00,1.19
2014.06.19 16:22:00.542,8.34021,8.34277,1.00,1.19
2014.06.19 16:22:00.643,8.34038,8.34277,1.00,1.19
2014.06.19 16:22:00.745,8.34024,8.34277,1.00,1.19
2014.06.19 16:22:00.947,8.34024,8.34243,1.00,1.19
2014.06.19 16:22:00.998,8.34008,8.34243,1.00,1.19
2014.06.19 16:22:01.394,8.34025,8.34243,1.00,1.19
2014.06.19 16:22:01.706,8.34027,8.34243,1.00,1.19
2014.06.19 16:22:01.757,8.34006,8.34243,1.00,1.19
2014.06.19 16:22:01.915,8.34006,8.34263,1.00,1.57
2014.06.19 16:22:02.635,8.3406,8.34252,1.00,1.19
2014.06.19 16:22:02.946,8.34073,8.34252,1.00,1.19
2014.06.19 16:22:03.422,8.34073,8.34252,1.00,1.57
2014.06.19 16:22:03.660,8.34073,8.34252,1.00,1.00
2014.06.19 16:22:03.711,8.34073,8.34263,1.00,1.00
2014.06.19 16:22:03.863,8.34089,8.34263,1.00,1.00
2014.06.19 16:22:04.817,8.34074,8.34263,1.00,1.00
2014.06.19 16:22:05.070,8.34088,8.34263,1.00,1.00
2014.06.19 16:22:05.476,8.34074,8.34263,1.00,1.00
2014.06.19 16:22:05.926,8.34074,8.34261,1.00,1.00
2014.06.19 16:22:06.230,8.34074,8.3425,1.00,1.00
2014.06.19 16:22:06.282,8.34059,8.3425,1.00,1.00
2014.06.19 16:22:07.401,8.34059,8.34246,1.00,1.00
2014.06.19 16:22:08.174,8.34059,8.34247,1.00,1.00
2014.06.19 16:22:08.493,8.34059,8.34236,1.00,1.00
2014.06.19 16:22:09.373,8.34059,8.34226,1.00,1.00
2014.06.19 16:22:09.575,8.34045,8.34216,1.00,1.00
2014.06.19 16:22:10.105,8.34044,8.34216,1.00,1.00
2014.06.19 16:22:10.647,8.34044,8.34206,1.00,1.00
2014.06.19 16:22:11.178,8.34045,8.34206,1.00,1.00
2014.06.19 16:22:11.605,8.34045,8.34196,1.00,1.00
2014.06.19 16:22:11.808,8.34032,8.34196,1.00,1.00
2014.06.19 16:22:12.162,8.34032,8.34176,1.00,1.00
2014.06.19 16:22:12.387,8.34019,8.34176,1.00,1.00
2014.06.19 16:22:13.082,8.34007,8.34176,1.00,1.00
2014.06.19 16:22:14.163,8.34007,8.34187,1.00,1.00
2014.06.19 16:22:14.344,8.34007,8.34213,1.00,1.00
2014.06.19 16:22:14.445,8.34036,8.34213,1.00,1.00
2014.06.19 16:22:14.547,8.34049,8.34229,1.00,1.00
2014.06.19 16:22:14.649,8.34061,8.34256,1.00,1.19
2014.06.19 16:22:14.801,8.34061,8.34236,1.00,1.00
2014.06.19 16:22:15.332,8.34061,8.34246,1.00,1.00
2014.06.19 16:22:15.587,8.34061,8.34256,1.00,1.50
2014.06.19 16:22:15.891,8.34061,8.34237,1.00,1.00
2014.06.19 16:22:16.920,8.34061,8.34226,1.00,1.00
2014.06.19 16:22:17.622,8.34051,8.34226,1.00,1.00
2014.06.19 16:22:18.084,8.34051,8.34236,1.00,1.00
2014.06.19 16:22:18.338,8.34051,8.34216,1.00,1.00
2014.06.19 16:22:18.642,8.34051,8.34206,1.00,1.00
2014.06.19 16:22:19.643,8.34051,8.34196,1.00,1.00
2014.06.19 16:22:19.794,8.34039,8.34196,1.00,1.00
2014.06.19 16:22:20.627,8.34039,8.34186,1.00,1.00
2014.06.19 16:22:20.938,8.34027,8.34186,1.00,1.00
2014.06.19 16:22:21.601,8.34027,8.34176,1.00,1.00
2014.06.19 16:22:21.855,8.34027,8.34186,1.00,1.00
2014.06.19 16:22:22.158,8.34027,8.34166,1.00,1.00
2014.06.19 16:22:22.367,8.34014,8.34166,1.00,1.00
2014.06.19 16:22:22.860,8.34014,8.34186,1.00,1.00
2014.06.19 16:22:23.184,8.34014,8.34166,1.00,1.00
2014.06.19 16:22:24.160,8.34014,8.34212,1.00,1.00
2014.06.19 16:22:24.210,8.3403,8.34223,1.00,1.00
2014.06.19 16:22:24.588,8.34042,8.34226,1.00,1.00
2014.06.19 16:22:24.894,8.34054,8.34226,1.00,1.00
2014.06.19 16:22:25.042,8.34054,8.34235,1.00,1.00
2014.06.19 16:22:25.630,8.34054,8.34226,1.00,1.00
2014.06.19 16:22:26.595,8.34054,8.34216,1.00,1.00
2014.06.19 16:22:26.748,8.34042,8.34216,1.00,1.00
2014.06.19 16:22:27.803,8.34042,8.34206,1.00,1.00
2014.06.19 16:22:28.577,8.34042,8.34196,1.00,1.00
2014.06.19 16:22:29.135,8.34042,8.34186,1.00,1.00
2014.06.19 16:22:29.892,8.34042,8.34196,1.00,1.00
2014.06.19 16:22:30.046,8.34026,8.34196,1.00,1.00
2014.06.19 16:22:30.147,8.34026,8.34176,1.00,1.00
2014.06.19 16:22:30.893,8.34026,8.34186,1.00,1.00
2014.06.19 16:22:31.106,8.34026,8.34176,1.00,1.00
2014.06.19 16:22:31.972,8.34026,8.34203,1.00,1.00
2014.06.19 16:22:32.476,8.34026,8.34215,1.00,1.00
2014.06.19 16:22:32.578,8.34043,8.34242,1.00,1.00
2014.06.19 16:22:33.242,8.34043,8.34246,1.00,1.00
2014.06.19 16:22:33.344,8.34043,8.34242,1.00,1.00
2014.06.19 16:22:33.648,8.34054,8.34246,1.00,1.00
2014.06.19 16:22:34.160,8.34055,8.34246,1.00,1.00
2014.06.19 16:22:35.448,8.34042,8.34242,1.00,1.00
2014.06.19 16:22:37.233,8.34042,8.34231,1.00,1.00
2014.06.19 16:22:37.284,8.3403,8.34231,1.00,1.00
2014.06.19 16:22:39.320,8.3403,8.3422,1.00,1.00
2014.06.19 16:22:39.624,8.3403,8.3422,1.19,1.00
2014.06.19 16:22:39.776,8.34044,8.34232,1.00,1.00
2014.06.19 16:22:39.827,8.34056,8.34232,1.00,1.00
2014.06.19 16:22:39.878,8.34056,8.34248,1.00,1.00
2014.06.19 16:22:39.929,8.34068,8.34248,1.00,1.00
2014.06.19 16:22:40.284,8.34054,8.34246,1.00,1.00
2014.06.19 16:22:40.848,8.34066,8.34246,1.00,1.00
2014.06.19 16:22:41.274,8.34053,8.34246,1.00,1.00
2014.06.19 16:22:41.476,8.34053,8.34261,1.00,1.00
2014.06.19 16:22:41.578,8.34078,8.34261,1.00,1.00
2014.06.19 16:22:41.629,8.34078,8.34276,1.00,1.19
2014.06.19 16:22:42.035,8.34078,8.34276,1.00,1.00
2014.06.19 16:22:42.136,8.3409,8.34276,1.00,1.00
2014.06.19 16:22:42.238,8.3409,8.34291,1.00,1.00
2014.06.19 16:22:42.339,8.3409,8.34305,1.19,1.00
2014.06.19 16:22:42.390,8.34118,8.34305,1.00,1.00
2014.06.19 16:22:42.694,8.341,8.34295,1.00,1.00
2014.06.19 16:22:42.906,8.34112,8.34309,1.00,1.00
2014.06.19 16:22:43.421,8.34111,8.34309,1.00,1.25
2014.06.19 16:22:44.743,8.34111,8.34324,1.00,1.00
2014.06.19 16:22:44.845,8.34111,8.34336,1.00,1.19
2014.06.19 16:22:44.896,8.34125,8.34336,1.00,1.19
2014.06.19 16:22:45.213,8.34138,8.34336,1.00,1.19
2014.06.19 16:22:45.531,8.34126,8.34336,1.00,1.19
2014.06.19 16:22:45.962,8.34126,8.34336,1.00,1.00
2014.06.19 16:22:46.013,8.34145,8.34336,1.00,1.00
2014.06.19 16:22:46.316,8.3414,8.3432,1.19,1.00
2014.06.19 16:22:46.367,8.3414,8.34362,1.19,1.00
2014.06.19 16:22:46.418,8.34173,8.34362,1.00,1.00
2014.06.19 16:22:46.727,8.34174,8.34374,1.00,1.00
2014.06.19 16:22:46.778,8.34161,8.34374,1.00,1.00
2014.06.19 16:22:47.342,8.34174,8.34374,1.00,1.00
2014.06.19 16:22:48.832,8.34161,8.34374,1.00,1.00
2014.06.19 16:22:49.463,8.34161,8.34363,1.00,1.00
2014.06.19 16:22:50.127,8.34161,8.34362,1.00,1.00
2014.06.19 16:22:50.432,8.34161,8.34349,1.00,1.00
2014.06.19 16:22:50.861,8.34149,8.34349,1.00,1.00
2014.06.19 16:22:51.071,8.3416,8.34349,1.00,1.00
2014.06.19 16:22:51.324,8.34125,8.34349,1.19,1.00
2014.06.19 16:22:51.426,8.34125,8.34337,1.19,1.00
2014.06.19 16:22:52.112,8.341,8.34337,1.19,1.00
2014.06.19 16:22:52.315,8.34117,8.34362,1.19,1.19
2014.06.19 16:22:52.416,8.34134,8.34362,1.00,1.19
2014.06.19 16:22:52.517,8.34119,8.34362,1.19,1.19
2014.06.19 16:22:52.871,8.34131,8.34362,1.00,1.19
2014.06.19 16:22:53.141,8.34131,8.34362,1.00,1.19
2014.06.19 16:22:53.753,8.34119,8.34362,1.19,1.19
2014.06.19 16:22:54.105,8.34119,8.34362,1.19,1.00
2014.06.19 16:22:54.492,8.34119,8.34352,1.19,1.00
2014.06.19 16:22:55.109,8.34119,8.34352,1.19,1.00
2014.06.19 16:22:56.401,8.34105,8.34351,1.19,1.00
2014.06.19 16:22:56.936,8.34105,8.3434,1.19,1.00
2014.06.19 16:22:57.139,8.34116,8.3434,1.00,1.19
2014.06.19 16:22:58.172,8.34116,8.3434,1.00,1.19
2014.06.19 16:22:58.273,8.341,8.3434,1.19,1.19
2014.06.19 16:22:58.425,8.341,8.34325,1.00,1.19
2014.06.19 16:22:58.678,8.34063,8.34275,1.19,1.00
2014.06.19 16:22:59.133,8.34046,8.34275,1.00,1.19
2014.06.19 16:22:59.235,8.34046,8.34262,1.00,1.00
2014.06.19 16:22:59.896,8.34035,8.34262,1.19,1.00
2014.06.19 16:22:59.947,8.34035,8.34257,1.19,1.00
2014.06.19 16:23:00.248,8.34022,8.34246,1.19,1.00
2014.06.19 16:23:00.851,8.34022,8.34246,1.00,1.19
2014.06.19 16:23:01.107,8.34008,8.34234,1.00,1.25
2014.06.19 16:23:02.098,8.33996,8.34234,1.19,1.25
2014.06.19 16:23:02.593,8.33996,8.34234,1.00,1.19
2014.06.19 16:23:03.077,8.3401,8.34223,1.00,1.19
2014.06.19 16:23:03.178,8.33997,8.34223,1.00,1.19
2014.06.19 16:23:03.903,8.33997,8.34223,1.19,1.00
2014.06.19 16:23:04.523,8.33997,8.34213,1.19,1.00
2014.06.19 16:23:05.702,8.33986,8.34213,1.19,1.00
2014.06.19 16:23:06.551,8.33994,8.34213,1.00,1.00
2014.06.19 16:23:06.855,8.33998,8.34244,1.19,1.00
2014.06.19 16:23:06.956,8.34012,8.34247,1.19,1.00
2014.06.19 16:23:07.844,8.34012,8.34247,1.19,1.00
2014.06.19 16:23:08.831,8.34014,8.34247,1.19,1.00
2014.06.19 16:23:08.882,8.34014,8.34235,1.19,1.00
2014.06.19 16:23:09.816,8.34014,8.34235,1.19,1.00
2014.06.19 16:23:10.821,8.3401,8.34235,1.19,1.00
2014.06.19 16:23:11.845,8.3401,8.34222,1.19,1.00
2014.06.19 16:23:12.613,8.33997,8.34209,1.19,1.00
2014.06.19 16:23:13.338,8.33997,8.34209,1.00,1.00
2014.06.19 16:23:13.583,8.34004,8.34209,1.00,1.00
2014.06.19 16:23:13.836,8.33997,8.34209,1.00,1.00
2014.06.19 16:23:14.797,8.34014,8.34209,1.00,1.00
2014.06.19 16:23:15.352,8.34004,8.34209,1.00,1.00
2014.06.19 16:23:15.454,8.34004,8.34222,1.19,1.00
2014.06.19 16:23:15.555,8.34004,8.34234,1.19,1.00
2014.06.19 16:23:16.478,8.34025,8.34234,1.19,1.00
2014.06.19 16:23:17.456,8.34014,8.34234,1.19,1.00
2014.06.19 16:23:18.106,8.34034,8.34234,1.00,1.00
2014.06.19 16:23:18.433,8.34024,8.34234,1.25,1.00
2014.06.19 16:23:19.664,8.34034,8.34224,1.00,1.00
2014.06.19 16:23:19.897,8.34013,8.34224,1.19,1.00
2014.06.19 16:23:20.421,8.34013,8.34224,1.19,1.00
2014.06.19 16:23:20.472,8.34026,8.34224,1.00,1.00
2014.06.19 16:23:20.574,8.34012,8.34224,1.19,1.00
2014.06.19 16:23:20.878,8.34012,8.34213,1.19,1.00
2014.06.19 16:23:21.320,8.34024,8.34213,1.00,1.00
2014.06.19 16:23:21.591,8.34014,8.34213,1.00,1.00
2014.06.19 16:23:21.997,8.34016,8.34213,1.00,1.00
2014.06.19 16:23:22.233,8.34003,8.34213,1.19,1.00
2014.06.19 16:23:23.120,8.34014,8.34213,1.00,1.00
2014.06.19 16:23:23.342,8.34006,8.34213,1.19,1.00
2014.06.19 16:23:23.544,8.34006,8.34234,1.19,1.00
2014.06.19 16:23:23.671,8.34018,8.34234,1.00,1.00
2014.06.19 16:23:24.331,8.34018,8.34234,1.19,1.00
2014.06.19 16:23:24.635,8.34031,8.34234,1.00,1.00
2014.06.19 16:23:24.951,8.34046,8.34234,1.00,1.00
2014.06.19 16:23:25.060,8.34034,8.34234,1.00,1.00
2014.06.19 16:23:25.432,8.34029,8.34234,1.00,1.00
2014.06.19 16:23:26.394,8.34034,8.34234,1.00,1.00
2014.06.19 16:23:26.629,8.34029,8.34234,1.00,1.00
2014.06.19 16:23:26.730,8.34029,8.34228,1.00,1.00
2014.06.19 16:23:26.831,8.34023,8.34228,1.00,1.00
2014.06.19 16:23:27.134,8.34023,8.34239,1.00,1.00
2014.06.19 16:23:27.185,8.34016,8.34239,1.19,1.00
2014.06.19 16:23:27.287,8.34016,8.34262,1.19,1.19
2014.06.19 16:23:27.388,8.34042,8.34263,1.00,1.19
2014.06.19 16:23:27.546,8.34042,8.34263,1.19,1.00
2014.06.19 16:23:27.811,8.34054,8.34263,1.00,1.00
2014.06.19 16:23:28.124,8.34054,8.3427,1.69,1.00
2014.06.19 16:23:28.331,8.34074,8.3429,1.00,1.00
2014.06.19 16:23:28.383,8.34054,8.3429,1.19,1.00
2014.06.19 16:23:28.485,8.34073,8.34291,1.19,1.00
2014.06.19 16:23:28.536,8.34088,8.34309,1.19,1.00
2014.06.19 16:23:29.672,8.34081,8.34309,1.19,1.00
2014.06.19 16:23:30.388,8.34104,8.34318,1.00,1.00
2014.06.19 16:23:30.804,8.3412,8.34318,1.00,1.00
2014.06.19 16:23:31.057,8.34099,8.34318,1.00,1.00
2014.06.19 16:23:31.158,8.34116,8.34318,1.00,1.00
2014.06.19 16:23:31.260,8.34104,8.34318,1.00,1.00
2014.06.19 16:23:31.331,8.34114,8.34318,1.00,1.00
2014.06.19 16:23:31.669,8.34122,8.34318,1.00,1.00
2014.06.19 16:23:31.974,8.34134,8.34348,1.19,1.00
2014.06.19 16:23:32.025,8.34134,8.34361,1.19,1.00
2014.06.19 16:23:32.126,8.34164,8.34361,1.00,1.00
2014.06.19 16:23:32.233,8.34136,8.34361,1.19,1.00
2014.06.19 16:23:33.412,8.34136,8.34361,1.19,1.00
2014.06.19 16:23:33.530,8.34136,8.34326,1.19,1.00
2014.06.19 16:23:33.833,8.34085,8.34233,1.00,1.00
2014.06.19 16:23:33.884,8.34014,8.34233,1.00,1.00
2014.06.19 16:23:33.999,8.34014,8.34233,1.00,1.19
2014.06.19 16:23:34.303,8.33984,8.34182,1.50,1.19
2014.06.19 16:23:34.606,8.33984,8.34182,1.00,1.50
2014.06.19 16:23:34.658,8.34044,8.34182,1.00,1.00
2014.06.19 16:23:34.810,8.34044,8.34245,1.19,1.00
2014.06.19 16:23:34.861,8.34024,8.34278,1.19,1.19
2014.06.19 16:23:35.013,8.34045,8.34291,1.19,1.00
2014.06.19 16:23:35.114,8.34049,8.34295,1.19,1.00
2014.06.19 16:23:35.215,8.34064,8.34307,1.00,1.50
2014.06.19 16:23:35.316,8.34051,8.34297,1.00,1.00
2014.06.19 16:23:35.963,8.34051,8.3429,1.00,1.00
2014.06.19 16:23:36.266,8.34035,8.34274,1.00,1.00
2014.06.19 16:23:36.780,8.34035,8.34262,1.00,1.00
2014.06.19 16:23:37.469,8.34014,8.34262,1.00,1.00
2014.06.19 16:23:38.053,8.34014,8.34262,1.69,1.00
2014.06.19 16:23:38.610,8.34014,8.34249,1.19,1.00
2014.06.19 16:23:39.067,8.34014,8.34249,1.19,1.00
2014.06.19 16:23:39.856,8.34016,8.34251,1.19,1.50
2014.06.19 16:23:40.027,8.34016,8.34251,1.19,1.50
2014.06.19 16:23:41.032,8.34016,8.34251,1.19,1.50
2014.06.19 16:23:41.386,8.34014,8.34248,1.19,1.00
2014.06.19 16:23:42.036,8.34014,8.34236,1.19,1.00
2014.06.19 16:23:42.900,8.34014,8.3424,1.19,1.00
2014.06.19 16:23:43.823,8.34014,8.3424,1.00,1.00
2014.06.19 16:23:43.874,8.34024,8.3424,1.00,1.00
2014.06.19 16:23:44.190,8.34024,8.34231,1.00,1.00
2014.06.19 16:23:44.561,8.34034,8.34237,1.00,1.00
2014.06.19 16:23:45.101,8.34014,8.34237,1.19,1.00
2014.06.19 16:23:45.202,8.34014,8.34235,1.19,1.00
2014.06.19 16:23:45.607,8.34004,8.34223,1.19,1.00
2014.06.19 16:23:46.053,8.34004,8.34223,1.00,1.00
2014.06.19 16:23:46.290,8.34013,8.34223,1.00,1.00
2014.06.19 16:23:46.545,8.34013,8.34235,1.00,1.19
2014.06.19 16:23:46.646,8.34024,8.34235,1.00,1.19
2014.06.19 16:23:46.972,8.34044,8.34235,1.00,1.19
2014.06.19 16:23:47.381,8.34044,8.34235,1.00,1.25
2014.06.19 16:23:47.432,8.34034,8.34235,1.00,1.25
2014.06.19 16:23:47.533,8.34034,8.34226,1.00,1.00
2014.06.19 16:23:47.634,8.34024,8.34226,1.00,1.00
2014.06.19 16:23:47.850,8.33994,8.34226,1.19,1.00
2014.06.19 16:23:48.002,8.33994,8.34224,1.19,1.00
