2013.04.16 13:00:05.931,7.52444,7.5261,3.00,2.40
2013.04.16 13:00:06.052,7.52444,7.5261,1.50,2.40
2013.04.16 13:00:06.112,7.52437,7.526,1.50,1.50
2013.04.16 13:00:06.171,7.52438,7.526,1.88,1.50
2013.04.16 13:00:06.292,7.52439,7.5261,1.13,2.40
2013.04.16 13:00:06.351,7.52449,7.52621,1.50,1.50
2013.04.16 13:00:06.411,7.52456,7.52621,1.50,1.50
2013.04.16 13:00:07.045,7.52457,7.52623,1.50,1.50
2013.04.16 13:00:07.453,7.52457,7.52632,1.50,1.50
2013.04.16 13:00:26.301,7.52463,7.52629,1.50,1.50
2013.04.16 13:00:28.425,7.52463,7.52632,1.50,1.50
2013.04.16 13:00:29.369,7.52463,7.52629,1.50,1.50
2013.04.16 13:00:29.701,7.52463,7.52632,1.50,1.50
2013.04.16 13:00:32.614,7.52463,7.52629,1.50,1.50
2013.04.16 13:00:32.914,7.52463,7.52632,1.50,1.50
2013.04.16 13:00:34.233,7.52463,7.52629,1.50,1.50
2013.04.16 13:00:55.922,7.52463,7.52632,1.50,1.50
2013.04.16 13:00:56.907,7.52463,7.52629,1.50,1.50
2013.04.16 13:01:01.553,7.52463,7.52632,1.50,1.50
2013.04.16 13:01:01.914,7.52463,7.52629,1.50,1.50
2013.04.16 13:01:03.252,7.52463,7.52629,1.50,1.50
2013.04.16 13:01:33.314,7.52447,7.52625,1.50,1.50
2013.04.16 13:01:38.221,7.52447,7.52642,1.50,1.50
2013.04.16 13:01:38.282,7.52468,7.52642,2.48,1.50
2013.04.16 13:01:38.402,7.52468,7.52642,2.48,1.50
2013.04.16 13:01:38.464,7.52477,7.52641,1.50,1.50
2013.04.16 13:01:39.127,7.52476,7.52641,1.50,1.50
2013.04.16 13:01:41.436,7.52476,7.52642,1.50,1.50
2013.04.16 13:01:43.393,7.52476,7.52641,1.50,1.50
2013.04.16 13:01:47.845,7.52476,7.52652,1.50,1.50
2013.04.16 13:01:47.963,7.52476,7.52652,1.50,1.50
2013.04.16 13:01:49.423,7.52478,7.52649,1.50,1.50
2013.04.16 13:01:50.213,7.52478,7.52649,1.50,1.50
2013.04.16 13:01:51.064,7.52478,7.52649,1.50,1.50
2013.04.16 13:01:52.935,7.52478,7.52649,1.50,1.50
2013.04.16 13:01:53.156,7.52478,7.52649,1.50,1.50
2013.04.16 13:01:53.955,7.52469,7.52649,1.50,1.50
2013.04.16 13:01:54.604,7.52453,7.52641,3.00,1.50
2013.04.16 13:01:55.796,7.52453,7.52641,3.00,1.50
2013.04.16 13:01:56.213,7.52453,7.52641,3.00,1.50
2013.04.16 13:01:57.386,7.52453,7.52641,3.00,1.50
2013.04.16 13:01:58.712,7.52453,7.52641,3.00,1.50
2013.04.16 13:02:00.344,7.52453,7.52641,3.00,1.50
2013.04.16 13:02:00.603,7.52455,7.52634,1.50,1.50
2013.04.16 13:02:00.957,7.52455,7.52634,1.50,1.50
2013.04.16 13:02:01.786,7.52455,7.52634,1.50,1.50
2013.04.16 13:02:05.924,7.52451,7.52634,1.50,1.50
2013.04.16 13:02:07.122,7.52451,7.52625,1.50,1.50
2013.04.16 13:02:13.854,7.52451,7.52625,1.50,1.50
2013.04.16 13:02:15.772,7.52446,7.52625,1.50,1.50
2013.04.16 13:02:17.534,7.52446,7.52623,1.50,1.50
2013.04.16 13:02:17.608,7.52445,7.52612,1.50,1.50
2013.04.16 13:02:18.204,7.52422,7.52611,1.50,1.50
2013.04.16 13:02:18.694,7.52422,7.52611,1.50,2.25
2013.04.16 13:02:19.795,7.52422,7.52611,1.50,2.25
2013.04.16 13:02:21.830,7.52422,7.52611,1.50,2.25
2013.04.16 13:02:22.104,7.52429,7.52619,3.00,1.50
2013.04.16 13:02:22.450,7.52429,7.52619,3.00,2.25
2013.04.16 13:02:22.515,7.52421,7.52611,3.00,1.50
2013.04.16 13:02:23.084,7.52411,7.52601,3.00,2.25
2013.04.16 13:02:23.473,7.52411,7.52601,3.00,1.50
2013.04.16 13:02:24.845,7.52411,7.52601,3.00,1.50
2013.04.16 13:02:31.343,7.52419,7.52611,1.50,1.50
2013.04.16 13:02:31.403,7.52427,7.52623,1.50,3.38
2013.04.16 13:02:31.524,7.52428,7.52623,2.63,1.50
2013.04.16 13:02:31.644,7.52428,7.52617,1.50,1.50
2013.04.16 13:02:32.738,7.52428,7.52617,1.50,1.50
2013.04.16 13:02:33.164,7.52428,7.52612,1.50,1.50
2013.04.16 13:02:33.284,7.52428,7.52608,1.50,1.50
2013.04.16 13:02:33.914,7.5242,7.52608,2.25,1.50
2013.04.16 13:02:35.693,7.5242,7.52608,2.25,2.25
2013.04.16 13:02:35.816,7.52419,7.526,1.50,1.50
2013.04.16 13:02:42.173,7.52412,7.52608,2.25,1.50
2013.04.16 13:02:42.414,7.52423,7.52616,1.50,1.50
2013.04.16 13:02:44.119,7.52423,7.52612,1.50,1.50
2013.04.16 13:02:44.435,7.52423,7.52612,1.50,1.50
2013.04.16 13:02:44.624,7.52423,7.52612,1.50,1.50
2013.04.16 13:02:45.083,7.52423,7.52612,1.50,2.25
2013.04.16 13:02:45.150,7.52423,7.52612,1.50,2.25
2013.04.16 13:02:45.219,7.52423,7.52612,1.50,2.25
2013.04.16 13:02:45.824,7.52423,7.52612,1.50,2.25
2013.04.16 13:02:46.114,7.52423,7.52612,1.50,1.50
2013.04.16 13:02:46.354,7.52423,7.52612,1.50,1.50
2013.04.16 13:02:49.064,7.52423,7.52612,1.50,1.50
2013.04.16 13:02:49.339,7.52423,7.52612,1.50,1.50
2013.04.16 13:02:51.658,7.52423,7.52612,1.50,1.50
2013.04.16 13:02:56.056,7.52423,7.52612,1.50,1.50
2013.04.16 13:02:56.338,7.52411,7.52599,3.00,1.50
2013.04.16 13:02:57.743,7.52411,7.52599,3.00,1.50
2013.04.16 13:02:58.674,7.52411,7.52599,3.00,1.50
2013.04.16 13:02:58.973,7.52411,7.52582,1.50,1.50
2013.04.16 13:02:59.844,7.52389,7.52578,1.50,1.50
2013.04.16 13:03:00.785,7.52389,7.52578,1.50,1.50
2013.04.16 13:03:01.333,7.52386,7.52569,1.50,1.50
2013.04.16 13:03:02.815,7.5238,7.52569,1.50,1.50
2013.04.16 13:03:08.387,7.52373,7.52562,1.50,1.50
2013.04.16 13:03:08.754,7.52373,7.52561,1.50,1.50
2013.04.16 13:03:19.895,7.52371,7.52572,3.00,1.50
2013.04.16 13:03:20.214,7.52371,7.52561,3.00,1.50
2013.04.16 13:03:20.333,7.52367,7.52553,2.25,1.50
2013.04.16 13:03:21.872,7.52365,7.52553,1.50,1.50
2013.04.16 13:03:32.104,7.52359,7.52544,1.50,1.50
2013.04.16 13:03:33.693,7.52359,7.52544,1.50,1.50
2013.04.16 13:03:35.548,7.52359,7.52544,1.50,1.50
2013.04.16 13:03:35.945,7.52359,7.52544,1.50,1.50
2013.04.16 13:03:36.378,7.52359,7.52544,1.50,1.50
2013.04.16 13:03:44.298,7.52359,7.52544,1.50,1.50
2013.04.16 13:03:44.424,7.52359,7.52544,1.50,1.50
2013.04.16 13:03:44.685,7.52355,7.52544,1.50,1.50
2013.04.16 13:03:45.853,7.52354,7.52544,3.00,1.50
2013.04.16 13:03:52.368,7.52354,7.52536,1.50,1.50
2013.04.16 13:04:00.431,7.52348,7.52536,3.00,1.50
2013.04.16 13:04:01.765,7.52348,7.52536,3.75,1.50
2013.04.16 13:04:12.463,7.52348,7.52536,1.50,1.50
2013.04.16 13:04:13.406,7.52348,7.52536,1.50,1.50
2013.04.16 13:04:14.720,7.52346,7.52536,3.00,1.50
2013.04.16 13:04:14.956,7.52346,7.52536,3.00,1.50
2013.04.16 13:04:21.905,7.52361,7.52527,1.50,1.50
2013.04.16 13:04:21.987,7.52361,7.52527,1.50,1.50
2013.04.16 13:04:23.355,7.52361,7.52527,1.50,1.50
2013.04.16 13:04:24.730,7.52355,7.52527,1.50,1.50
2013.04.16 13:04:33.693,7.52355,7.52527,1.50,1.50
2013.04.16 13:04:33.753,7.52355,7.52536,1.50,1.50
2013.04.16 13:04:33.934,7.52367,7.52542,1.50,1.50
2013.04.16 13:04:34.053,7.5237,7.52542,1.50,1.50
2013.04.16 13:04:35.784,7.5237,7.52536,1.50,1.50
2013.04.16 13:04:39.844,7.5237,7.52536,1.50,1.50
2013.04.16 13:04:41.126,7.5237,7.52536,1.50,1.50
2013.04.16 13:04:41.505,7.5237,7.52536,1.50,1.50
2013.04.16 13:04:42.253,7.5237,7.52536,1.50,1.50
2013.04.16 13:04:44.066,7.5237,7.52543,1.50,1.50
2013.04.16 13:04:44.134,7.5237,7.52543,1.50,1.50
2013.04.16 13:04:45.805,7.5237,7.52536,1.50,1.50
2013.04.16 13:04:49.494,7.52368,7.52536,1.50,1.50
2013.04.16 13:04:49.703,7.52368,7.52543,1.50,1.50
2013.04.16 13:04:50.714,7.52374,7.52543,1.50,1.50
2013.04.16 13:04:54.986,7.52374,7.52543,1.50,1.50
2013.04.16 13:04:59.913,7.52374,7.52543,1.50,1.50
2013.04.16 13:04:59.974,7.52374,7.52543,1.50,1.50
2013.04.16 13:05:00.154,7.52371,7.52535,1.50,1.50
2013.04.16 13:05:01.755,7.52365,7.52535,1.50,1.50
2013.04.16 13:05:09.086,7.52365,7.52535,1.50,1.50
2013.04.16 13:05:09.504,7.52367,7.52542,1.50,1.50
2013.04.16 13:05:09.565,7.52371,7.52542,1.50,1.50
2013.04.16 13:05:10.719,7.52371,7.52535,1.50,1.50
2013.04.16 13:05:13.055,7.52371,7.52535,1.50,1.50
2013.04.16 13:05:13.737,7.52371,7.52535,1.50,1.50
2013.04.16 13:05:15.063,7.52371,7.52535,1.50,1.50
2013.04.16 13:05:15.865,7.52371,7.52543,1.50,1.50
2013.04.16 13:05:16.104,7.52371,7.52543,1.50,1.50
2013.04.16 13:05:16.916,7.52371,7.52535,1.50,1.50
2013.04.16 13:05:17.616,7.52371,7.52535,1.50,1.50
2013.04.16 13:05:21.355,7.52371,7.52535,1.50,1.50
2013.04.16 13:05:21.774,7.52371,7.52535,1.50,1.50
2013.04.16 13:05:22.813,7.52371,7.52535,1.50,1.50
2013.04.16 13:05:28.807,7.52371,7.52535,1.50,1.50
2013.04.16 13:05:30.393,7.52371,7.52535,1.50,1.50
2013.04.16 13:05:31.183,7.52371,7.52535,1.50,1.50
2013.04.16 13:05:31.651,7.52383,7.52535,2.33,1.50
2013.04.16 13:05:31.884,7.52383,7.52542,2.33,1.50
2013.04.16 13:05:32.003,7.52378,7.52542,2.33,1.50
2013.04.16 13:05:33.874,7.52378,7.52535,2.33,1.50
2013.04.16 13:05:37.494,7.52378,7.52535,2.33,1.50
2013.04.16 13:05:38.118,7.52378,7.52544,1.50,1.50
2013.04.16 13:05:46.203,7.52377,7.52543,1.50,1.50
2013.04.16 13:05:46.383,7.52383,7.52544,2.18,1.50
2013.04.16 13:05:47.773,7.52383,7.52544,2.18,1.50
2013.04.16 13:05:47.858,7.52383,7.52544,2.18,1.50
2013.04.16 13:05:48.043,7.52379,7.52536,2.25,1.50
2013.04.16 13:05:49.734,7.52379,7.52536,2.25,1.50
2013.04.16 13:05:50.983,7.52375,7.52536,2.85,1.50
2013.04.16 13:05:52.234,7.52375,7.52533,2.85,1.50
2013.04.16 13:05:52.534,7.52375,7.52533,1.73,1.50
2013.04.16 13:05:53.482,7.52377,7.52533,1.88,1.50
2013.04.16 13:05:58.183,7.52377,7.52533,1.88,1.50
2013.04.16 13:05:58.244,7.52377,7.52533,1.88,1.50
2013.04.16 13:05:58.364,7.52373,7.52533,2.78,1.50
2013.04.16 13:05:58.844,7.52373,7.52533,2.78,1.50
2013.04.16 13:05:59.194,7.52373,7.52533,2.78,1.50
2013.04.16 13:05:59.253,7.5237,7.52533,1.50,1.50
2013.04.16 13:06:04.694,7.52362,7.52528,3.00,1.50
2013.04.16 13:06:05.759,7.52362,7.52528,3.00,1.50
2013.04.16 13:06:07.763,7.52365,7.52528,2.55,1.50
2013.04.16 13:06:09.634,7.52366,7.52528,2.03,1.50
2013.04.16 13:06:14.395,7.52366,7.52528,2.03,1.50
2013.04.16 13:06:15.703,7.52366,7.52528,2.03,1.50
2013.04.16 13:06:16.109,7.52365,7.52523,1.95,1.50
2013.04.16 13:06:16.773,7.52365,7.52519,1.95,1.50
2013.04.16 13:06:19.973,7.52365,7.52523,1.95,1.50
2013.04.16 13:06:20.093,7.52359,7.52523,1.65,1.50
2013.04.16 13:06:21.768,7.52359,7.52519,1.65,1.50
2013.04.16 13:06:25.402,7.52355,7.52519,1.50,1.50
2013.04.16 13:06:25.797,7.52355,7.52523,1.50,1.50
2013.04.16 13:06:25.863,7.52363,7.52523,2.18,1.50
2013.04.16 13:06:26.803,7.52363,7.52519,2.18,1.50
2013.04.16 13:06:33.433,7.52363,7.52523,2.18,1.50
2013.04.16 13:06:33.494,7.52355,7.52523,1.50,1.50
2013.04.16 13:06:33.947,7.52355,7.52519,1.50,1.50
2013.04.16 13:06:34.005,7.52355,7.52519,1.50,1.50
2013.04.16 13:06:34.203,7.52355,7.52523,1.50,1.50
2013.04.16 13:06:34.263,7.52362,7.52523,1.58,1.50
2013.04.16 13:06:35.826,7.52362,7.52519,1.58,1.50
2013.04.16 13:06:39.933,7.52362,7.52522,1.58,1.50
2013.04.16 13:06:40.053,7.52354,7.52522,1.95,1.50
2013.04.16 13:06:40.392,7.52354,7.52515,1.95,1.50
2013.04.16 13:06:40.596,7.52351,7.52515,2.70,1.50
2013.04.16 13:06:40.713,7.52351,7.52523,2.70,1.50
2013.04.16 13:06:40.895,7.52362,7.52523,1.50,1.50
2013.04.16 13:06:41.708,7.52362,7.52515,1.50,1.50
2013.04.16 13:06:47.907,7.52362,7.52523,1.50,1.50
2013.04.16 13:06:47.973,7.52368,7.52523,1.80,1.50
2013.04.16 13:06:48.343,7.52368,7.52524,1.80,1.50
2013.04.16 13:06:49.264,7.5236,7.52524,2.63,1.50
2013.04.16 13:06:50.135,7.52363,7.52524,2.63,1.50
2013.04.16 13:06:51.775,7.52363,7.52524,2.63,1.50
2013.04.16 13:06:56.913,7.52363,7.52524,2.63,1.50
2013.04.16 13:06:56.974,7.52369,7.52524,2.63,1.50
2013.04.16 13:06:58.294,7.52358,7.52524,1.50,1.50
2013.04.16 13:06:58.578,7.52362,7.52524,2.78,1.50
2013.04.16 13:06:59.844,7.52362,7.52524,2.78,1.50
2013.04.16 13:07:02.184,7.52362,7.52532,2.78,1.50
2013.04.16 13:07:04.126,7.52362,7.52524,2.78,1.50
2013.04.16 13:07:04.583,7.52358,7.52524,1.50,1.50
2013.04.16 13:07:05.735,7.52358,7.52524,1.50,1.50
2013.04.16 13:07:06.274,7.52362,7.52524,1.58,1.50
2013.04.16 13:07:07.970,7.52362,7.52524,1.58,1.50
2013.04.16 13:07:13.104,7.52368,7.52534,1.50,1.50
2013.04.16 13:07:13.224,7.52368,7.52534,1.50,1.50
2013.04.16 13:07:14.363,7.52368,7.52534,1.50,1.50
2013.04.16 13:07:14.693,7.52364,7.52531,1.50,1.50
2013.04.16 13:07:14.753,7.52368,7.52534,1.50,1.50
2013.04.16 13:07:15.737,7.52368,7.52534,1.50,1.50
2013.04.16 13:07:20.694,7.52368,7.52534,1.50,1.50
2013.04.16 13:07:21.184,7.52368,7.52534,1.50,1.50
2013.04.16 13:07:22.403,7.52368,7.52534,1.50,1.50
2013.04.16 13:07:22.584,7.52368,7.52534,1.50,1.50
2013.04.16 13:07:22.643,7.5236,7.52526,1.50,1.50
2013.04.16 13:07:22.894,7.52363,7.52526,1.95,1.50
2013.04.16 13:07:23.814,7.52363,7.52526,1.95,1.50
2013.04.16 13:07:28.564,7.52363,7.52526,1.95,1.50
2013.04.16 13:07:29.157,7.52363,7.52526,1.95,1.50
2013.04.16 13:07:29.475,7.52363,7.52526,1.95,1.50
2013.04.16 13:07:29.649,7.5236,7.52526,3.30,1.50
2013.04.16 13:07:30.764,7.5236,7.52526,1.50,1.50
2013.04.16 13:07:31.005,7.52362,7.52526,2.10,1.50
2013.04.16 13:07:32.295,7.52355,7.52526,1.50,1.50
2013.04.16 13:07:32.763,7.52355,7.52526,1.50,1.50
2013.04.16 13:07:36.863,7.52355,7.5255,1.50,3.00
2013.04.16 13:07:36.924,7.52362,7.5255,2.93,3.00
2013.04.16 13:07:36.985,7.52434,7.52553,1.35,2.63
2013.04.16 13:07:37.045,7.52478,7.52567,1.88,1.65
2013.04.16 13:07:37.165,7.52484,7.52649,1.50,1.50
2013.04.16 13:07:37.224,7.52484,7.52642,1.50,1.50
2013.04.16 13:07:38.233,7.52488,7.52659,2.63,1.50
2013.04.16 13:07:38.295,7.52488,7.52667,2.63,1.50
2013.04.16 13:07:38.605,7.52504,7.52667,2.93,1.50
2013.04.16 13:07:38.667,7.52503,7.52667,1.50,1.50
2013.04.16 13:07:39.076,7.52505,7.52676,1.50,1.50
2013.04.16 13:07:39.777,7.52505,7.52676,1.50,1.50
2013.04.16 13:07:40.824,7.52505,7.52676,1.50,1.50
2013.04.16 13:07:44.085,7.52505,7.52676,1.50,1.50
2013.04.16 13:07:44.207,7.52505,7.52683,1.50,1.50
2013.04.16 13:07:44.279,7.52505,7.52673,1.50,1.88
2013.04.16 13:07:44.584,7.52474,7.52633,1.50,2.48
2013.04.16 13:07:44.645,7.52437,7.52632,1.50,1.35
2013.04.16 13:07:45.373,7.52437,7.52632,1.50,1.35
2013.04.16 13:07:45.685,7.52426,7.52612,1.50,2.63
2013.04.16 13:07:49.657,7.52437,7.52615,1.88,2.25
2013.04.16 13:07:49.904,7.52437,7.52622,2.63,1.50
2013.04.16 13:07:50.024,7.52437,7.52622,1.50,1.50
2013.04.16 13:07:50.385,7.52445,7.52632,1.50,1.35
2013.04.16 13:07:50.815,7.52421,7.52613,2.25,2.63
2013.04.16 13:07:50.875,7.52418,7.52613,2.25,2.63
2013.04.16 13:07:51.116,7.52413,7.52611,1.50,3.00
2013.04.16 13:07:53.345,7.52416,7.52587,1.50,1.50
2013.04.16 13:07:53.674,7.52415,7.52593,1.50,1.50
2013.04.16 13:07:54.415,7.52416,7.52587,1.50,1.50
2013.04.16 13:08:09.604,7.52414,7.5258,1.50,1.50
2013.04.16 13:08:09.724,7.52399,7.52591,1.50,1.50
2013.04.16 13:08:09.844,7.52391,7.52591,1.50,1.50
2013.04.16 13:08:12.354,7.52382,7.52583,2.25,1.50
2013.04.16 13:08:32.344,7.52382,7.52572,1.50,1.50
2013.04.16 13:08:35.105,7.52382,7.5256,1.50,1.50
2013.04.16 13:08:35.345,7.52382,7.52572,1.50,1.50
2013.04.16 13:08:46.779,7.52394,7.52582,1.50,1.50
2013.04.16 13:08:47.466,7.52394,7.52563,1.50,1.50
2013.04.16 13:08:48.846,7.52394,7.5256,1.50,1.50
2013.04.16 13:08:51.005,7.52394,7.5256,1.50,1.50
2013.04.16 13:08:51.125,7.52386,7.5256,1.50,1.50
2013.04.16 13:08:51.184,7.52386,7.52562,1.50,1.50
2013.04.16 13:08:52.155,7.5239,7.5256,1.50,1.50
2013.04.16 13:08:52.396,7.52385,7.52563,1.50,1.50
2013.04.16 13:08:52.765,7.52389,7.52559,1.50,1.50
2013.04.16 13:08:53.140,7.52389,7.52559,1.50,1.50
2013.04.16 13:08:53.696,7.5239,7.52559,1.50,1.50
2013.04.16 13:08:54.745,7.52385,7.52559,1.50,1.50
2013.04.16 13:08:54.925,7.52385,7.52559,1.50,1.50
2013.04.16 13:08:55.855,7.5239,7.52559,1.50,1.50
2013.04.16 13:08:56.157,7.52384,7.52559,1.50,1.50
2013.04.16 13:08:57.446,7.52389,7.52559,1.50,1.50
2013.04.16 13:08:57.949,7.52384,7.52559,1.50,1.50
2013.04.16 13:08:58.995,7.5239,7.52559,1.50,1.50
2013.04.16 13:08:59.415,7.52385,7.52559,1.50,1.50
2013.04.16 13:09:00.445,7.52385,7.52559,1.50,1.50
2013.04.16 13:09:01.146,7.52384,7.52559,1.50,1.50
2013.04.16 13:09:01.898,7.52384,7.52559,1.50,1.50
2013.04.16 13:09:02.425,7.52384,7.52559,1.50,1.50
2013.04.16 13:09:03.325,7.5239,7.52559,1.50,1.50
2013.04.16 13:09:03.695,7.52384,7.52559,1.50,1.50
2013.04.16 13:09:04.115,7.5239,7.52559,1.50,1.50
2013.04.16 13:09:05.358,7.52384,7.52559,1.50,1.50
2013.04.16 13:09:06.728,7.5238,7.52559,1.50,1.50
2013.04.16 13:09:10.371,7.5238,7.52559,1.50,1.50
2013.04.16 13:09:11.185,7.5238,7.52559,1.50,1.50
2013.04.16 13:09:11.552,7.5238,7.52559,1.50,1.50
2013.04.16 13:09:12.465,7.5238,7.52559,1.50,1.50
2013.04.16 13:09:12.946,7.5238,7.52559,1.50,1.50
2013.04.16 13:09:13.513,7.5238,7.52555,1.50,1.50
2013.04.16 13:09:16.135,7.5238,7.52555,1.50,1.50
2013.04.16 13:09:21.464,7.5238,7.52555,1.50,1.50
2013.04.16 13:09:24.485,7.5238,7.52555,1.50,1.50
2013.04.16 13:09:25.636,7.5238,7.52555,1.50,1.50
2013.04.16 13:09:25.754,7.5238,7.52555,1.50,1.50
2013.04.16 13:09:27.116,7.5238,7.52555,1.50,1.50
2013.04.16 13:09:30.730,7.5238,7.52555,1.50,1.50
2013.04.16 13:09:34.064,7.5238,7.52556,1.50,1.50
2013.04.16 13:09:34.424,7.52392,7.52556,1.50,1.50
2013.04.16 13:09:47.134,7.52398,7.52556,2.18,1.50
2013.04.16 13:09:47.437,7.52402,7.52556,1.73,1.50
2013.04.16 13:09:47.933,7.52402,7.52579,1.73,1.50
2013.04.16 13:09:48.274,7.52399,7.52574,2.85,1.50
2013.04.16 13:09:48.483,7.52402,7.52573,2.10,1.50
2013.04.16 13:09:49.544,7.52399,7.52574,2.55,1.50
2013.04.16 13:09:49.845,7.52403,7.52573,1.58,1.50
2013.04.16 13:09:50.744,7.52399,7.52574,2.03,1.50
2013.04.16 13:09:51.104,7.52402,7.52573,2.33,1.50
2013.04.16 13:09:52.074,7.52399,7.52572,2.78,1.50
2013.04.16 13:09:52.194,7.52403,7.52572,1.80,1.50
2013.04.16 13:09:53.184,7.52398,7.52575,1.65,1.50
2013.04.16 13:09:53.534,7.52402,7.52573,1.73,1.50
2013.04.16 13:09:54.400,7.52402,7.52573,1.73,1.50
2013.04.16 13:09:54.524,7.52399,7.52574,2.18,1.50
2013.04.16 13:09:54.704,7.52402,7.52573,2.18,1.50
2013.04.16 13:09:55.679,7.52398,7.52575,2.78,1.50
2013.04.16 13:09:55.936,7.52403,7.52573,1.95,1.50
2013.04.16 13:09:56.889,7.52398,7.52573,1.88,1.50
2013.04.16 13:09:57.574,7.52402,7.52572,1.88,1.50
2013.04.16 13:09:58.454,7.52398,7.52575,1.65,1.50
2013.04.16 13:09:58.765,7.52402,7.52572,1.50,1.50
2013.04.16 13:09:59.635,7.52398,7.52572,2.63,1.50
2013.04.16 13:09:59.994,7.52402,7.52572,1.50,1.50
2013.04.16 13:10:00.984,7.52398,7.52575,2.03,1.50
2013.04.16 13:10:15.305,7.52398,7.52573,2.03,1.50
2013.04.16 13:10:18.204,7.52392,7.52559,1.50,1.50
2013.04.16 13:10:35.425,7.52392,7.52559,1.50,1.50
2013.04.16 13:10:51.099,7.5237,7.52558,3.00,1.50
2013.04.16 13:10:52.055,7.52378,7.52572,1.50,1.50
2013.04.16 13:10:56.116,7.52378,7.52572,1.50,1.50
2013.04.16 13:10:57.416,7.52368,7.52555,2.63,1.50
2013.04.16 13:10:58.625,7.52378,7.52572,1.50,1.50
2013.04.16 13:11:01.963,7.52368,7.52555,3.38,1.50
2013.04.16 13:11:15.362,7.52368,7.52553,2.63,1.50
2013.04.16 13:11:20.135,7.52358,7.52554,1.50,3.00
2013.04.16 13:11:22.764,7.52408,7.52554,1.88,3.00
2013.04.16 13:11:22.885,7.52408,7.52563,1.88,2.25
2013.04.16 13:11:23.007,7.52408,7.52585,2.63,1.50
2013.04.16 13:11:23.701,7.52408,7.52602,2.63,1.50
2013.04.16 13:11:30.897,7.525,7.52609,2.10,3.00
2013.04.16 13:11:31.076,7.52567,7.52642,1.88,1.73
2013.04.16 13:11:31.198,7.52567,7.5266,1.88,1.50
2013.04.16 13:11:31.266,7.52567,7.5266,2.63,1.50
2013.04.16 13:11:31.567,7.52573,7.52662,2.25,1.88
2013.04.16 13:11:31.636,7.52505,7.52662,2.18,2.63
2013.04.16 13:11:31.755,7.52484,7.5264,2.25,2.25
2013.04.16 13:11:31.817,7.52484,7.52641,2.25,1.50
2013.04.16 13:11:32.055,7.52493,7.52649,2.33,3.00
2013.04.16 13:11:32.118,7.52464,7.52649,1.88,3.00
2013.04.16 13:11:32.435,7.52447,7.52649,2.63,3.00
2013.04.16 13:11:48.095,7.5245,7.52642,1.50,1.50
2013.04.16 13:11:53.656,7.52447,7.52632,2.63,1.50
2013.04.16 13:12:02.597,7.52447,7.52642,2.63,1.50
2013.04.16 13:12:03.186,7.52447,7.52632,2.63,1.50
2013.04.16 13:12:05.904,7.52447,7.52643,2.63,1.50
2013.04.16 13:12:08.024,7.52447,7.52643,2.63,1.50
2013.04.16 13:12:28.415,7.52447,7.52643,2.63,1.50
2013.04.16 13:12:50.913,7.52447,7.52631,2.63,1.50
2013.04.16 13:12:51.114,7.52447,7.52642,2.63,1.50
2013.04.16 13:13:09.464,7.52447,7.52642,2.63,1.50
2013.04.16 13:13:23.253,7.5245,7.52662,1.50,1.50
2013.04.16 13:13:43.407,7.5245,7.52656,2.25,2.25
2013.04.16 13:13:47.355,7.52458,7.52664,2.63,3.00
2013.04.16 13:13:58.875,7.52468,7.52673,2.63,3.75
2013.04.16 13:14:06.335,7.5247,7.52673,2.25,1.50
2013.04.16 13:14:19.655,7.52488,7.52684,2.63,1.50
2013.04.16 13:14:29.725,7.52484,7.52663,3.00,1.88
2013.04.16 13:14:29.965,7.52443,7.52657,3.00,3.00
2013.04.16 13:14:40.335,7.52431,7.52642,1.50,2.63
2013.04.16 13:15:00.476,7.52437,7.52649,3.00,3.00
2013.04.16 13:15:06.805,7.52474,7.52664,2.25,1.50
2013.04.16 13:15:06.926,7.52474,7.52688,3.00,3.00
2013.04.16 13:15:12.355,7.52474,7.52672,1.50,2.63
2013.04.16 13:15:12.727,7.52457,7.52669,2.25,2.25
2013.04.16 13:15:14.675,7.52457,7.52645,2.25,1.35
2013.04.16 13:15:14.914,7.52428,7.52623,1.50,2.63
2013.04.16 13:15:17.006,7.52457,7.52635,2.63,1.50
2013.04.16 13:15:17.308,7.52467,7.52679,2.25,2.25
2013.04.16 13:15:18.084,7.52479,7.5268,2.25,1.50
2013.04.16 13:15:30.325,7.52487,7.52692,4.88,1.50
2013.04.16 13:15:31.015,7.52508,7.52701,2.63,1.50
2013.04.16 13:15:31.357,7.52509,7.52712,3.00,1.50
2013.04.16 13:15:32.015,7.52517,7.52713,2.25,2.25
2013.04.16 13:15:52.411,7.5252,7.52713,2.25,2.25
2013.04.16 13:16:12.078,7.52519,7.52713,1.50,2.25
2013.04.16 13:16:23.405,7.52503,7.52713,3.00,2.25
2013.04.16 13:16:28.816,7.52503,7.52693,3.00,1.50
2013.04.16 13:16:34.346,7.52507,7.52703,1.50,1.50
2013.04.16 13:16:34.466,7.52503,7.52693,3.00,1.50
2013.04.16 13:16:38.496,7.52507,7.52703,1.50,1.50
2013.04.16 13:16:41.765,7.52503,7.52693,3.00,1.50
2013.04.16 13:16:41.886,7.52507,7.52703,1.50,1.50
2013.04.16 13:16:42.296,7.52503,7.52693,3.00,1.50
2013.04.16 13:16:43.616,7.52502,7.5269,3.00,1.50
2013.04.16 13:16:43.887,7.52508,7.52702,1.50,1.50
2013.04.16 13:16:44.872,7.52502,7.5269,3.00,1.50
2013.04.16 13:16:47.401,7.52508,7.52702,1.50,1.50
2013.04.16 13:16:52.240,7.52502,7.5269,3.00,1.50
2013.04.16 13:16:53.335,7.52498,7.52682,2.63,1.50
2013.04.16 13:16:53.398,7.52502,7.52691,1.50,1.50
2013.04.16 13:16:53.526,7.52498,7.52682,2.63,1.50
2013.04.16 13:16:54.395,7.525,7.52688,3.00,1.50
2013.04.16 13:16:55.436,7.525,7.52688,3.00,1.50
2013.04.16 13:16:56.699,7.525,7.52688,3.00,1.50
2013.04.16 13:17:14.371,7.52494,7.52682,2.25,1.50
2013.04.16 13:17:34.015,7.52494,7.52682,2.25,1.50
2013.04.16 13:17:34.845,7.52493,7.52682,1.50,1.50
2013.04.16 13:17:35.946,7.52493,7.52682,1.50,1.50
2013.04.16 13:17:36.158,7.52493,7.52682,1.50,1.50
2013.04.16 13:17:55.306,7.52498,7.52686,2.25,1.50
2013.04.16 13:18:15.356,7.52497,7.52684,1.50,1.50
2013.04.16 13:18:19.022,7.52496,7.52684,2.25,1.50
2013.04.16 13:18:23.090,7.52496,7.52684,2.25,1.50
2013.04.16 13:18:30.297,7.52488,7.52653,2.63,1.50
2013.04.16 13:18:30.416,7.52467,7.52674,2.63,1.50
2013.04.16 13:18:30.597,7.52467,7.52667,2.63,2.25
2013.04.16 13:18:30.909,7.52458,7.52651,1.50,1.50
2013.04.16 13:18:31.097,7.52457,7.52651,2.63,3.00
2013.04.16 13:18:32.476,7.52457,7.52651,2.63,1.50
2013.04.16 13:18:33.187,7.52457,7.52646,1.88,3.00
2013.04.16 13:18:36.616,7.52457,7.52642,2.63,1.50
2013.04.16 13:18:36.867,7.52457,7.52643,2.63,1.50
2013.04.16 13:18:37.196,7.52488,7.52653,1.88,1.50
2013.04.16 13:18:37.256,7.52477,7.52652,4.13,1.50
2013.04.16 13:18:38.765,7.52477,7.52643,4.13,1.50
2013.04.16 13:18:40.433,7.52447,7.52653,2.63,1.50
2013.04.16 13:18:42.508,7.52447,7.52642,2.63,1.50
2013.04.16 13:18:44.197,7.52447,7.52654,2.63,3.00
2013.04.16 13:18:46.387,7.52536,7.52654,1.50,3.00
2013.04.16 13:18:46.567,7.52568,7.52683,1.88,2.25
2013.04.16 13:18:46.627,7.52568,7.52683,2.63,2.25
2013.04.16 13:18:46.806,7.52568,7.52695,2.63,2.10
2013.04.16 13:18:46.926,7.52536,7.52693,1.50,2.48
2013.04.16 13:18:46.987,7.52495,7.52684,1.50,1.35
2013.04.16 13:18:47.118,7.52467,7.52669,2.63,3.00
2013.04.16 13:18:50.777,7.52478,7.52663,2.63,1.50
2013.04.16 13:19:17.593,7.52477,7.52654,2.63,1.50
2013.04.16 13:19:19.336,7.52477,7.52654,2.63,1.50
2013.04.16 13:19:20.818,7.52467,7.52654,2.63,1.50
2013.04.16 13:19:22.231,7.52467,7.52643,2.63,1.50
2013.04.16 13:19:22.559,7.52467,7.52653,2.63,1.50
2013.04.16 13:19:22.687,7.52467,7.52643,2.63,1.50
2013.04.16 13:19:22.758,7.52467,7.52653,2.63,1.50
2013.04.16 13:19:23.956,7.52467,7.52643,2.63,1.50
2013.04.16 13:19:27.712,7.52467,7.52632,2.63,1.50
2013.04.16 13:19:32.928,7.52477,7.52643,1.88,1.50
2013.04.16 13:19:33.482,7.52468,7.52643,2.63,1.50
2013.04.16 13:19:35.717,7.52478,7.52642,1.88,1.50
2013.04.16 13:19:36.016,7.52468,7.52656,2.63,3.00
2013.04.16 13:19:41.388,7.52457,7.52632,2.25,1.50
2013.04.16 13:19:42.016,7.52457,7.52632,2.25,1.50
2013.04.16 13:19:42.640,7.52457,7.52632,2.25,1.50
2013.04.16 13:19:48.347,7.52447,7.52629,2.63,1.50
2013.04.16 13:19:48.885,7.52447,7.52629,2.63,1.50
2013.04.16 13:19:49.419,7.52447,7.52643,2.63,1.50
2013.04.16 13:19:50.826,7.52447,7.52629,2.63,1.50
2013.04.16 13:19:54.397,7.52447,7.52633,2.63,1.50
2013.04.16 13:20:02.616,7.52447,7.52629,2.63,1.50
2013.04.16 13:20:04.379,7.52447,7.52613,1.88,1.50
2013.04.16 13:20:05.077,7.52437,7.52612,4.13,1.50
2013.04.16 13:20:06.036,7.52437,7.52619,4.13,1.50
2013.04.16 13:20:06.467,7.52437,7.52612,4.13,1.50
2013.04.16 13:20:06.920,7.52437,7.5262,4.13,1.50
2013.04.16 13:20:07.277,7.52439,7.52627,2.25,1.50
2013.04.16 13:20:10.458,7.52447,7.52627,2.63,1.50
2013.04.16 13:20:11.707,7.52447,7.52627,2.63,1.50
2013.04.16 13:20:16.265,7.52447,7.52633,2.63,1.50
2013.04.16 13:20:16.402,7.52447,7.52627,2.63,1.50
2013.04.16 13:20:17.087,7.52447,7.52632,2.63,1.50
2013.04.16 13:20:18.094,7.52447,7.52627,2.63,1.50
2013.04.16 13:20:18.644,7.52447,7.52633,2.63,1.50
2013.04.16 13:20:18.723,7.52448,7.52636,2.25,1.50
2013.04.16 13:20:22.726,7.52448,7.52636,2.25,1.50
2013.04.16 13:20:24.177,7.52448,7.52636,2.25,1.50
2013.04.16 13:20:24.583,7.52448,7.52636,2.25,1.50
2013.04.16 13:20:25.367,7.52448,7.52636,2.25,1.50
2013.04.16 13:20:26.436,7.52448,7.52636,2.25,1.50
2013.04.16 13:20:27.816,7.52448,7.52636,2.25,1.50
2013.04.16 13:20:28.657,7.52448,7.52636,2.25,1.50
2013.04.16 13:20:28.897,7.52448,7.52636,2.25,1.50
2013.04.16 13:20:30.142,7.52448,7.52636,2.25,1.50
2013.04.16 13:20:36.937,7.52448,7.52636,2.25,1.50
2013.04.16 13:20:38.767,7.52448,7.52636,2.25,1.50
2013.04.16 13:20:39.429,7.52447,7.52631,1.50,1.50
2013.04.16 13:20:40.367,7.52442,7.52631,1.50,1.50
2013.04.16 13:20:42.439,7.52442,7.52631,1.50,1.50
2013.04.16 13:20:44.266,7.52447,7.52622,2.63,1.50
2013.04.16 13:20:45.637,7.52447,7.52612,1.88,1.50
2013.04.16 13:20:45.756,7.52447,7.5262,2.63,1.50
2013.04.16 13:20:47.787,7.52447,7.5262,2.63,1.50
2013.04.16 13:20:50.976,7.52432,7.52632,2.25,1.50
2013.04.16 13:20:53.147,7.52431,7.52622,1.50,1.50
2013.04.16 13:20:54.818,7.52432,7.52621,1.50,1.50
2013.04.16 13:20:58.398,7.52432,7.52621,1.50,1.50
2013.04.16 13:20:58.848,7.52432,7.52621,1.50,1.50
2013.04.16 13:20:59.777,7.52432,7.52621,1.50,1.50
2013.04.16 13:21:05.366,7.52432,7.52621,1.50,1.50
2013.04.16 13:21:05.882,7.52432,7.52621,1.50,1.50
2013.04.16 13:21:06.936,7.52432,7.52621,1.50,1.50
2013.04.16 13:21:07.246,7.52432,7.52621,1.50,1.50
2013.04.16 13:21:08.916,7.52432,7.52622,1.50,1.50
2013.04.16 13:21:10.886,7.52438,7.52621,2.54,1.50
2013.04.16 13:21:11.433,7.52438,7.52621,2.54,1.50
2013.04.16 13:21:11.855,7.52438,7.52613,1.49,1.50
2013.04.16 13:21:13.826,7.52438,7.52601,1.49,1.50
2013.04.16 13:21:19.595,7.52417,7.52601,1.50,1.50
2013.04.16 13:21:19.656,7.52411,7.52613,3.00,1.99
2013.04.16 13:21:20.099,7.52403,7.52612,1.50,3.00
2013.04.16 13:21:20.498,7.52424,7.52612,1.50,3.00
2013.04.16 13:21:20.575,7.52427,7.52603,1.50,1.50
2013.04.16 13:21:20.857,7.52418,7.52605,2.63,1.50
2013.04.16 13:21:21.857,7.52418,7.52605,2.63,1.50
2013.04.16 13:21:23.125,7.52418,7.52605,2.63,1.50
2013.04.16 13:21:23.342,7.52418,7.52605,2.63,1.50
2013.04.16 13:21:24.948,7.52418,7.52613,2.63,1.50
2013.04.16 13:21:26.797,7.52418,7.52605,2.63,1.50
2013.04.16 13:21:31.758,7.52418,7.52605,2.63,1.50
2013.04.16 13:21:40.728,7.52421,7.52609,3.00,1.50
2013.04.16 13:21:40.908,7.52421,7.52613,3.00,1.50
2013.04.16 13:21:42.737,7.52421,7.52609,3.00,1.50
2013.04.16 13:21:46.707,7.52467,7.52633,1.88,3.00
2013.04.16 13:21:46.886,7.52467,7.52633,1.88,1.50
2013.04.16 13:21:46.947,7.52467,7.52642,2.63,1.50
2013.04.16 13:21:47.667,7.52458,7.52663,2.63,1.50
2013.04.16 13:21:56.307,7.52468,7.52653,2.63,1.50
2013.04.16 13:21:56.367,7.52468,7.52653,2.63,1.50
2013.04.16 13:21:58.838,7.52458,7.52643,2.63,1.50
2013.04.16 13:21:59.836,7.52458,7.52643,2.63,1.50
2013.04.16 13:22:02.387,7.52458,7.52652,2.63,1.50
2013.04.16 13:22:15.737,7.52457,7.52643,4.13,1.50
2013.04.16 13:22:16.408,7.52457,7.52642,4.13,1.50
2013.04.16 13:22:36.386,7.52468,7.52653,2.63,1.50
2013.04.16 13:22:46.754,7.52457,7.5264,4.13,1.50
2013.04.16 13:22:47.800,7.52457,7.5264,2.63,1.50
2013.04.16 13:22:56.001,7.52457,7.5264,2.63,1.50
2013.04.16 13:22:57.380,7.52457,7.52636,2.63,1.50
2013.04.16 13:22:57.446,7.52457,7.52636,2.63,1.50
2013.04.16 13:22:58.149,7.52457,7.52636,2.63,1.50
2013.04.16 13:23:00.956,7.52457,7.52636,2.63,1.50
2013.04.16 13:23:02.724,7.52448,7.52636,4.88,1.50
2013.04.16 13:23:16.869,7.52448,7.52636,4.88,1.50
2013.04.16 13:23:17.117,7.52448,7.52627,3.38,1.50
2013.04.16 13:23:17.236,7.52448,7.52627,2.63,1.50
2013.04.16 13:23:18.794,7.52439,7.52627,2.25,1.50
2013.04.16 13:23:25.059,7.52439,7.52627,2.25,1.50
2013.04.16 13:23:25.557,7.52439,7.52627,2.25,1.50
2013.04.16 13:23:26.939,7.52439,7.52627,2.25,1.50
2013.04.16 13:23:33.006,7.52439,7.52632,2.25,1.50
2013.04.16 13:23:34.826,7.52439,7.52627,2.25,1.50
2013.04.16 13:23:35.308,7.52439,7.52627,2.25,1.50
2013.04.16 13:23:37.097,7.52438,7.52623,3.38,1.50
2013.04.16 13:23:49.016,7.52437,7.52623,2.25,1.50
2013.04.16 13:23:49.868,7.52427,7.52623,2.63,1.50
2013.04.16 13:23:50.777,7.52427,7.52614,2.63,1.50
2013.04.16 13:24:06.828,7.52426,7.52614,3.00,1.50
2013.04.16 13:24:07.322,7.52427,7.52623,1.50,1.50
2013.04.16 13:24:07.396,7.52426,7.52614,3.00,1.50
2013.04.16 13:24:08.127,7.52418,7.52607,3.38,1.50
2013.04.16 13:24:08.710,7.52428,7.52622,1.50,1.50
2013.04.16 13:24:09.107,7.52418,7.52621,1.50,2.25
2013.04.16 13:24:09.431,7.52408,7.52613,1.50,2.25
2013.04.16 13:24:10.423,7.52417,7.52605,1.50,3.00
2013.04.16 13:24:15.737,7.52398,7.52586,1.50,1.35
2013.04.16 13:24:15.856,7.52401,7.52586,1.50,1.35
2013.04.16 13:24:16.197,7.52392,7.5258,1.58,2.25
2013.04.16 13:24:18.858,7.52388,7.5258,1.58,2.25
2013.04.16 13:24:18.979,7.52392,7.5258,1.58,2.25
2013.04.16 13:24:20.877,7.52392,7.5258,1.58,2.25
2013.04.16 13:24:21.116,7.52383,7.52572,1.71,3.38
2013.04.16 13:24:25.718,7.52383,7.52572,1.71,3.38
2013.04.16 13:24:26.077,7.52398,7.52583,2.70,2.25
2013.04.16 13:24:26.258,7.52398,7.52586,2.70,1.35
2013.04.16 13:24:28.078,7.52416,7.52586,1.50,1.35
2013.04.16 13:24:28.722,7.52416,7.52586,1.50,1.35
2013.04.16 13:24:43.578,7.52407,7.52586,1.50,1.35
2013.04.16 13:24:43.817,7.52407,7.52586,1.50,1.35
2013.04.16 13:25:04.336,7.52406,7.52586,1.50,1.35
2013.04.16 13:25:07.067,7.52406,7.52586,1.50,1.35
2013.04.16 13:25:13.778,7.52406,7.52586,1.50,1.35
2013.04.16 13:25:22.202,7.52406,7.52594,1.50,2.25
2013.04.16 13:25:26.397,7.52397,7.52586,1.50,1.50
2013.04.16 13:25:26.636,7.52392,7.52573,1.50,2.63
2013.04.16 13:25:26.996,7.52384,7.52572,1.50,2.25
2013.04.16 13:25:27.826,7.52384,7.52572,1.50,2.25
2013.04.16 13:25:36.169,7.52384,7.52572,1.50,2.25
2013.04.16 13:25:37.916,7.52384,7.52572,1.50,2.25
2013.04.16 13:25:38.249,7.52374,7.52564,1.50,3.00
2013.04.16 13:25:39.376,7.52374,7.52564,1.50,3.00
2013.04.16 13:25:44.239,7.52367,7.52555,1.50,2.25
2013.04.16 13:25:45.802,7.52367,7.52555,1.50,2.25
2013.04.16 13:25:47.782,7.52367,7.52555,1.50,2.25
2013.04.16 13:25:49.736,7.52367,7.52555,1.50,2.25
2013.04.16 13:25:50.806,7.52367,7.52555,1.50,2.25
2013.04.16 13:25:59.397,7.52367,7.52555,1.50,2.25
2013.04.16 13:26:04.436,7.52369,7.52559,1.50,3.00
2013.04.16 13:26:25.364,7.5237,7.52559,1.50,1.50
2013.04.16 13:26:39.912,7.52358,7.52552,1.50,1.50
2013.04.16 13:26:41.817,7.52358,7.52552,1.50,3.00
2013.04.16 13:26:44.407,7.52355,7.52535,1.50,1.35
2013.04.16 13:26:49.976,7.52347,7.52535,1.50,1.35
2013.04.16 13:26:50.310,7.52346,7.52535,1.50,1.35
2013.04.16 13:26:50.647,7.52328,7.52513,1.50,2.63
2013.04.16 13:26:51.771,7.52328,7.52513,1.50,2.63
2013.04.16 13:26:52.767,7.52328,7.52513,1.50,2.63
2013.04.16 13:27:05.917,7.52328,7.52513,1.50,2.63
2013.04.16 13:27:06.037,7.5232,7.52501,1.50,1.35
2013.04.16 13:27:07.721,7.5232,7.52501,1.50,1.35
2013.04.16 13:27:13.226,7.52318,7.52501,2.25,1.35
2013.04.16 13:27:13.346,7.52318,7.52501,2.25,1.35
2013.04.16 13:27:13.648,7.52337,7.52501,1.50,1.35
2013.04.16 13:27:14.823,7.52337,7.52501,1.50,1.35
2013.04.16 13:27:15.760,7.52337,7.52501,1.50,1.35
2013.04.16 13:27:21.257,7.52338,7.5251,1.50,1.35
2013.04.16 13:27:21.316,7.52344,7.5251,1.50,1.35
2013.04.16 13:27:30.417,7.52328,7.52532,1.50,1.50
2013.04.16 13:27:33.240,7.52328,7.5251,1.50,1.35
2013.04.16 13:27:33.427,7.52318,7.52506,1.50,1.35
2013.04.16 13:27:37.888,7.52315,7.52502,1.50,1.50
2013.04.16 13:27:45.417,7.52315,7.52474,1.50,1.50
2013.04.16 13:27:45.719,7.5231,7.52441,1.88,1.35
2013.04.16 13:27:46.747,7.52311,7.52465,1.88,1.50
2013.04.16 13:27:46.868,7.52311,7.52475,1.88,1.50
2013.04.16 13:27:49.796,7.52312,7.5248,1.50,1.35
2013.04.16 13:27:50.100,7.52318,7.52517,1.50,1.50
2013.04.16 13:28:08.101,7.52318,7.52493,1.50,1.50
2013.04.16 13:28:08.409,7.52311,7.52468,1.88,1.35
2013.04.16 13:28:08.721,7.5231,7.5246,1.88,1.35
2013.04.16 13:28:09.359,7.52317,7.5246,1.50,1.35
2013.04.16 13:28:09.477,7.52317,7.52461,1.50,1.35
2013.04.16 13:28:10.220,7.5231,7.5246,1.88,1.35
2013.04.16 13:28:10.441,7.5231,7.52461,1.88,1.35
2013.04.16 13:28:11.178,7.5231,7.52461,1.88,1.35
2013.04.16 13:28:12.277,7.5231,7.5246,1.88,1.35
2013.04.16 13:28:12.397,7.5231,7.5246,1.88,1.35
2013.04.16 13:28:12.457,7.5231,7.52442,1.88,1.88
2013.04.16 13:28:13.197,7.5231,7.52452,1.88,2.25
2013.04.16 13:28:13.267,7.5231,7.52467,1.88,1.35
2013.04.16 13:28:13.817,7.5231,7.5246,1.88,1.35
2013.04.16 13:28:14.670,7.5231,7.5246,1.88,1.35
2013.04.16 13:28:16.959,7.5231,7.52457,1.88,1.50
2013.04.16 13:28:17.137,7.5231,7.52455,1.88,1.50
2013.04.16 13:28:17.198,7.5231,7.52434,1.88,2.25
2013.04.16 13:28:17.328,7.5231,7.52453,1.88,2.25
2013.04.16 13:28:17.387,7.5231,7.52453,1.88,1.50
2013.04.16 13:28:17.448,7.5231,7.5246,1.88,1.35
2013.04.16 13:28:18.048,7.5231,7.5246,1.88,1.35
2013.04.16 13:28:18.167,7.5231,7.5246,1.88,1.35
2013.04.16 13:28:18.718,7.5231,7.52456,1.88,3.00
2013.04.16 13:28:19.429,7.5231,7.52456,1.88,3.00
2013.04.16 13:28:19.549,7.5231,7.52456,1.88,1.50
2013.04.16 13:28:23.727,7.5231,7.5246,1.88,1.35
2013.04.16 13:28:23.907,7.5231,7.5246,1.88,1.35
2013.04.16 13:28:25.219,7.52311,7.52473,1.88,2.25
2013.04.16 13:28:25.528,7.52311,7.52484,1.88,1.50
2013.04.16 13:28:25.588,7.52311,7.52484,1.88,1.50
2013.04.16 13:28:25.850,7.52317,7.52494,1.50,1.50
2013.04.16 13:28:26.926,7.52337,7.52516,1.50,1.35
2013.04.16 13:28:28.091,7.52337,7.52516,1.50,1.35
2013.04.16 13:28:29.918,7.52328,7.52516,1.50,1.35
2013.04.16 13:28:30.038,7.52348,7.52525,1.88,3.00
2013.04.16 13:28:30.157,7.52348,7.52525,2.63,1.50
2013.04.16 13:28:30.218,7.52348,7.52527,1.88,2.25
2013.04.16 13:28:31.784,7.52348,7.52527,2.63,3.00
2013.04.16 13:28:32.770,7.52348,7.52527,2.63,3.00
2013.04.16 13:28:50.518,7.52348,7.5253,2.63,3.00
2013.04.16 13:29:03.408,7.52348,7.5253,1.88,3.00
2013.04.16 13:29:10.405,7.52348,7.52526,1.88,2.25
2013.04.16 13:29:13.365,7.52344,7.52526,1.50,2.25
2013.04.16 13:29:13.667,7.52344,7.52518,1.50,3.00
2013.04.16 13:29:14.408,7.52338,7.52518,2.63,3.00
2013.04.16 13:29:14.527,7.52344,7.52518,1.50,1.50
2013.04.16 13:29:15.839,7.52344,7.52532,1.50,2.25
2013.04.16 13:29:23.428,7.52327,7.52532,3.00,2.25
2013.04.16 13:29:23.548,7.52327,7.52525,3.00,2.25
2013.04.16 13:29:24.577,7.52318,7.52508,1.50,1.50
2013.04.16 13:29:24.941,7.52311,7.52485,1.88,1.35
2013.04.16 13:29:25.601,7.52311,7.52482,1.88,2.63
2013.04.16 13:29:26.058,7.52311,7.52482,1.88,2.63
2013.04.16 13:29:28.138,7.52311,7.52482,1.88,2.63
2013.04.16 13:29:33.339,7.52311,7.52465,1.88,1.50
2013.04.16 13:29:33.697,7.52311,7.5243,1.88,1.35
2013.04.16 13:29:33.757,7.52311,7.52443,1.88,2.48
2013.04.16 13:29:34.488,7.52311,7.52422,1.88,1.88
2013.04.16 13:29:34.830,7.52311,7.52421,1.13,1.50
2013.04.16 13:29:35.588,7.52311,7.52418,1.13,3.00
2013.04.16 13:29:38.109,7.52311,7.52418,1.88,1.50
2013.04.16 13:29:38.436,7.52311,7.52422,1.88,1.88
2013.04.16 13:29:41.926,7.52311,7.52423,1.88,1.50
2013.04.16 13:29:42.110,7.52311,7.52483,1.88,1.50
2013.04.16 13:29:42.238,7.52317,7.52498,1.50,1.50
2013.04.16 13:29:42.927,7.52317,7.52512,1.50,1.50
2013.04.16 13:29:48.029,7.52331,7.52515,1.50,1.35
2013.04.16 13:29:48.368,7.52338,7.52515,1.50,1.35
2013.04.16 13:29:49.021,7.52336,7.52515,1.50,1.35
2013.04.16 13:30:03.078,7.52337,7.52515,1.50,1.35
2013.04.16 13:30:10.160,7.52344,7.52515,1.50,1.35
2013.04.16 13:30:22.068,7.52338,7.52515,1.50,1.35
2013.04.16 13:30:26.726,7.52346,7.52515,1.50,1.35
2013.04.16 13:30:26.811,7.52338,7.52515,1.50,1.35
2013.04.16 13:30:28.478,7.52346,7.52515,1.50,1.35
2013.04.16 13:30:28.609,7.52346,7.52515,1.50,1.35
2013.04.16 13:30:31.620,7.52347,7.52515,1.50,1.35
2013.04.16 13:30:47.361,7.52347,7.52524,1.50,2.25
2013.04.16 13:30:56.257,7.52347,7.52533,1.50,2.63
2013.04.16 13:31:02.617,7.52347,7.52523,1.50,3.00
2013.04.16 13:31:19.907,7.52348,7.52523,1.50,3.00
2013.04.16 13:31:23.457,7.52348,7.52528,1.50,3.00
2013.04.16 13:31:25.317,7.52348,7.52533,1.50,2.63
2013.04.16 13:31:30.347,7.52342,7.52527,2.10,2.25
2013.04.16 13:31:37.108,7.52323,7.52527,1.50,3.00
2013.04.16 13:31:50.408,7.52323,7.52527,1.50,1.50
2013.04.16 13:32:10.414,7.52323,7.52528,1.50,2.25
2013.04.16 13:32:23.241,7.5234,7.52528,1.50,3.00
2013.04.16 13:32:23.438,7.52328,7.52522,1.50,1.50
2013.04.16 13:32:23.649,7.5234,7.52528,1.50,3.00
2013.04.16 13:32:24.124,7.52327,7.52523,1.50,1.50
2013.04.16 13:32:27.207,7.5234,7.52528,1.50,3.00
2013.04.16 13:32:31.458,7.52342,7.52531,1.50,1.50
2013.04.16 13:32:32.838,7.52328,7.52522,1.50,1.50
2013.04.16 13:32:33.048,7.52342,7.52531,1.50,1.50
2013.04.16 13:32:36.397,7.52334,7.52522,1.50,2.25
2013.04.16 13:32:37.509,7.52347,7.52523,1.50,1.50
2013.04.16 13:32:38.916,7.52342,7.5253,1.50,3.00
2013.04.16 13:32:59.048,7.52328,7.52522,1.50,1.50
2013.04.16 13:32:59.708,7.52342,7.5253,1.50,3.00
2013.04.16 13:33:02.498,7.52323,7.52523,1.50,1.50
2013.04.16 13:33:19.695,7.52332,7.52522,1.50,3.00
2013.04.16 13:33:28.316,7.52337,7.52531,1.50,3.00
2013.04.16 13:33:33.146,7.52334,7.52523,1.50,1.50
2013.04.16 13:33:34.137,7.52317,7.52513,3.00,1.50
2013.04.16 13:33:34.739,7.52334,7.52523,1.50,1.50
2013.04.16 13:33:36.219,7.52332,7.52513,1.50,1.50
2013.04.16 13:33:37.808,7.52332,7.525,1.50,1.50
2013.04.16 13:33:37.927,7.52332,7.52513,1.50,1.50
2013.04.16 13:33:39.430,7.52332,7.525,1.50,1.50
2013.04.16 13:33:41.806,7.52326,7.52493,1.50,1.50
2013.04.16 13:33:42.117,7.52326,7.52492,1.50,1.50
2013.04.16 13:33:42.237,7.52326,7.52492,1.50,1.50
2013.04.16 13:33:42.358,7.52319,7.52483,1.50,1.50
2013.04.16 13:33:42.660,7.52319,7.52483,1.50,1.50
2013.04.16 13:33:42.849,7.52319,7.52483,1.50,1.50
2013.04.16 13:33:43.708,7.52319,7.52492,1.50,1.50
2013.04.16 13:33:44.639,7.52319,7.52483,1.50,1.50
2013.04.16 13:33:47.409,7.52319,7.52483,1.50,1.50
2013.04.16 13:33:49.167,7.52319,7.52483,1.50,1.50
2013.04.16 13:33:49.538,7.52316,7.52472,1.50,1.50
2013.04.16 13:33:49.598,7.52316,7.52472,1.50,1.50
2013.04.16 13:33:49.778,7.52317,7.52472,1.50,1.50
2013.04.16 13:33:50.358,7.52317,7.52479,1.50,1.50
2013.04.16 13:33:50.597,7.5232,7.52487,1.50,1.50
2013.04.16 13:33:50.718,7.52323,7.52487,1.50,1.50
2013.04.16 13:33:50.847,7.52323,7.52487,1.50,1.50
2013.04.16 13:33:51.779,7.52323,7.52487,1.50,1.50
2013.04.16 13:33:51.957,7.52325,7.52487,2.48,1.50
2013.04.16 13:33:58.341,7.52323,7.52487,1.50,1.50
2013.04.16 13:33:59.695,7.52323,7.52487,1.50,1.50
2013.04.16 13:33:59.887,7.52323,7.52487,1.50,1.50
2013.04.16 13:34:00.008,7.52325,7.52487,1.50,1.50
2013.04.16 13:34:01.839,7.52325,7.52487,1.50,1.50
2013.04.16 13:34:06.020,7.52325,7.52503,1.50,1.50
2013.04.16 13:34:08.407,7.5233,7.52503,1.50,1.50
2013.04.16 13:34:12.898,7.5233,7.52496,1.50,1.50
2013.04.16 13:34:13.207,7.5233,7.52503,1.50,1.50
2013.04.16 13:34:15.148,7.5233,7.52496,1.50,1.50
2013.04.16 13:34:15.368,7.5233,7.52503,1.50,1.50
2013.04.16 13:34:19.430,7.5233,7.52496,1.50,1.50
2013.04.16 13:34:44.948,7.52334,7.52498,1.50,1.50
2013.04.16 13:34:48.118,7.52334,7.52498,1.50,1.50
2013.04.16 13:34:49.691,7.52334,7.525,1.50,1.50
2013.04.16 13:34:49.947,7.52334,7.525,1.50,1.50
2013.04.16 13:34:50.018,7.52334,7.525,1.50,1.50
2013.04.16 13:34:55.457,7.52335,7.52515,1.50,1.50
2013.04.16 13:34:55.867,7.52335,7.52523,1.50,1.50
2013.04.16 13:34:57.458,7.52335,7.52509,1.50,1.50
2013.04.16 13:35:07.067,7.52328,7.525,1.50,1.50
2013.04.16 13:35:07.830,7.52328,7.525,1.50,1.50
2013.04.16 13:35:10.429,7.52328,7.525,1.50,1.50
2013.04.16 13:35:10.918,7.52328,7.525,1.50,1.50
2013.04.16 13:35:12.287,7.52335,7.52512,1.50,1.50
2013.04.16 13:35:13.209,7.52335,7.52512,1.50,1.50
2013.04.16 13:35:15.868,7.52335,7.52512,1.50,1.50
2013.04.16 13:35:16.678,7.52335,7.52512,1.50,1.50
2013.04.16 13:35:18.408,7.52335,7.52512,1.50,1.50
2013.04.16 13:35:18.718,7.52317,7.52504,1.50,1.50
2013.04.16 13:35:19.719,7.52317,7.52504,1.50,1.50
2013.04.16 13:35:22.799,7.52317,7.52504,1.50,1.50
2013.04.16 13:35:22.858,7.52317,7.52504,1.50,1.50
2013.04.16 13:35:23.097,7.52317,7.52504,1.50,1.50
2013.04.16 13:35:24.068,7.52317,7.52504,1.50,1.50
2013.04.16 13:35:24.698,7.52317,7.52504,1.50,1.50
2013.04.16 13:35:25.111,7.52317,7.52504,2.25,1.50
2013.04.16 13:35:25.238,7.52317,7.52504,2.25,1.50
2013.04.16 13:35:25.438,7.52317,7.52504,2.25,1.50
2013.04.16 13:35:25.607,7.52317,7.52504,2.25,1.50
2013.04.16 13:35:26.148,7.52324,7.52504,1.50,1.50
2013.04.16 13:35:27.138,7.5232,7.52504,1.50,1.50
2013.04.16 13:35:27.317,7.52325,7.52504,1.50,1.50
2013.04.16 13:35:28.346,7.52322,7.52513,1.50,1.50
2013.04.16 13:35:28.847,7.52321,7.52504,1.50,1.50
2013.04.16 13:35:29.679,7.52321,7.52512,1.50,1.50
2013.04.16 13:35:30.225,7.52326,7.52504,1.50,1.50
2013.04.16 13:35:31.068,7.52326,7.52504,1.50,1.50
2013.04.16 13:35:32.187,7.52321,7.52513,1.50,1.50
2013.04.16 13:35:32.368,7.52326,7.52504,1.50,1.50
2013.04.16 13:35:33.448,7.52323,7.52512,1.50,1.50
2013.04.16 13:35:34.088,7.52323,7.52504,1.50,1.50
2013.04.16 13:35:34.627,7.52323,7.52512,1.50,2.63
2013.04.16 13:35:35.182,7.52323,7.52504,1.50,1.50
2013.04.16 13:35:35.887,7.52323,7.52512,1.50,1.50
2013.04.16 13:35:36.500,7.52322,7.52504,1.50,1.50
2013.04.16 13:35:37.159,7.52328,7.52512,1.50,2.63
2013.04.16 13:35:37.408,7.52326,7.52504,1.50,1.50
2013.04.16 13:35:38.357,7.52328,7.52522,1.50,2.63
2013.04.16 13:35:38.678,7.52328,7.52512,1.50,2.63
2013.04.16 13:35:52.038,7.52349,7.52522,1.65,4.88
2013.04.16 13:35:52.158,7.52328,7.52522,1.50,4.88
2013.04.16 13:35:58.428,7.5233,7.52513,1.50,1.50
2013.04.16 13:36:02.750,7.52341,7.5253,1.50,1.50
2013.04.16 13:36:02.862,7.52337,7.52523,1.50,1.50
2013.04.16 13:36:04.178,7.52341,7.5253,1.50,1.50
2013.04.16 13:36:07.700,7.52337,7.52523,1.50,1.50
2013.04.16 13:36:10.949,7.52341,7.5253,1.50,1.50
2013.04.16 13:36:11.410,7.52337,7.52523,1.50,1.50
2013.04.16 13:36:13.780,7.52341,7.5253,1.50,1.50
2013.04.16 13:36:14.958,7.52337,7.52523,1.50,1.50
2013.04.16 13:36:15.352,7.52341,7.5253,1.50,1.50
2013.04.16 13:36:15.479,7.52347,7.52533,1.50,2.63
2013.04.16 13:36:32.820,7.52349,7.52533,1.50,2.63
2013.04.16 13:36:33.651,7.52348,7.52533,1.50,2.63
2013.04.16 13:36:34.211,7.52349,7.52533,1.50,2.63
2013.04.16 13:36:34.753,7.52348,7.52533,1.50,2.63
2013.04.16 13:36:35.060,7.52349,7.52533,1.50,2.63
2013.04.16 13:36:35.540,7.52351,7.52533,1.50,2.63
2013.04.16 13:36:38.370,7.52348,7.52533,1.50,2.63
2013.04.16 13:36:38.980,7.52351,7.52533,1.50,2.63
2013.04.16 13:36:40.358,7.52347,7.52533,1.50,2.63
2013.04.16 13:36:56.069,7.52347,7.52533,1.50,2.63
2013.04.16 13:37:07.149,7.52348,7.52533,1.50,2.63
2013.04.16 13:37:17.674,7.5235,7.52533,1.50,2.63
2013.04.16 13:37:19.769,7.5235,7.52533,1.50,2.63
2013.04.16 13:37:19.888,7.5235,7.52533,1.50,2.63
2013.04.16 13:37:24.168,7.52357,7.52533,1.50,2.63
2013.04.16 13:37:28.117,7.52357,7.52533,1.50,2.63
2013.04.16 13:37:28.298,7.52335,7.52522,1.50,1.50
2013.04.16 13:37:28.679,7.52328,7.52512,1.50,2.63
2013.04.16 13:37:30.446,7.52338,7.52532,1.50,2.63
2013.04.16 13:37:31.777,7.52354,7.52532,1.50,2.63
2013.04.16 13:37:32.710,7.52354,7.52532,1.50,2.63
2013.04.16 13:37:34.648,7.52354,7.52532,1.50,2.63
2013.04.16 13:37:34.919,7.52357,7.52543,1.50,2.63
2013.04.16 13:37:35.408,7.52362,7.52543,1.50,2.63
2013.04.16 13:37:35.843,7.52362,7.52543,1.50,2.63
2013.04.16 13:37:36.179,7.52362,7.52533,1.50,2.63
2013.04.16 13:37:37.839,7.52362,7.52533,1.50,2.63
2013.04.16 13:37:39.520,7.52354,7.52533,1.50,2.63
2013.04.16 13:37:42.880,7.52354,7.52533,1.50,2.63
2013.04.16 13:37:43.247,7.52354,7.52533,1.50,2.63
2013.04.16 13:37:43.828,7.52354,7.52542,1.50,2.25
2013.04.16 13:37:44.089,7.52357,7.52543,1.50,2.63
2013.04.16 13:37:44.759,7.52363,7.52543,1.50,2.63
2013.04.16 13:38:03.948,7.52363,7.52543,1.50,2.63
2013.04.16 13:38:04.069,7.52363,7.52543,1.50,2.63
2013.04.16 13:38:04.660,7.52363,7.52543,1.50,2.63
2013.04.16 13:38:14.211,7.52363,7.52543,1.50,2.63
2013.04.16 13:38:16.810,7.52363,7.52543,1.50,2.63
2013.04.16 13:38:19.159,7.52363,7.52543,1.50,2.63
2013.04.16 13:38:21.629,7.52363,7.52543,1.50,2.63
2013.04.16 13:38:25.411,7.52362,7.52543,1.50,2.63
2013.04.16 13:38:25.590,7.52362,7.52543,1.50,2.63
2013.04.16 13:38:25.829,7.52362,7.52543,1.50,2.63
2013.04.16 13:38:32.669,7.52357,7.52552,2.63,3.00
2013.04.16 13:38:32.909,7.52355,7.52561,1.50,3.00
2013.04.16 13:38:33.268,7.52364,7.52562,3.00,2.63
2013.04.16 13:38:34.708,7.52372,7.52562,1.50,4.88
2013.04.16 13:38:34.890,7.52368,7.52562,1.50,4.88
2013.04.16 13:38:48.471,7.52372,7.52562,1.50,4.88
2013.04.16 13:38:48.909,7.52367,7.52562,1.50,4.88
2013.04.16 13:38:50.231,7.52372,7.52562,1.50,4.88
2013.04.16 13:38:50.859,7.52367,7.52562,1.50,4.88
2013.04.16 13:38:51.112,7.52372,7.52562,1.50,4.88
2013.04.16 13:38:52.860,7.52367,7.52562,1.50,4.88
2013.04.16 13:38:53.146,7.52372,7.52562,1.50,4.88
2013.04.16 13:39:15.442,7.52371,7.52561,1.50,3.00
2013.04.16 13:39:20.451,7.52367,7.52561,1.50,3.00
2013.04.16 13:39:25.393,7.52371,7.52561,1.50,3.00
2013.04.16 13:39:52.859,7.52378,7.52561,1.50,3.00
2013.04.16 13:39:54.888,7.52371,7.52561,1.50,3.00
2013.04.16 13:39:56.430,7.52376,7.52562,1.50,2.63
2013.04.16 13:39:58.371,7.52376,7.52562,1.50,2.63
2013.04.16 13:39:59.768,7.52378,7.52562,1.50,2.63
2013.04.16 13:40:10.820,7.52376,7.52562,1.50,2.63
2013.04.16 13:40:14.458,7.52376,7.52562,1.50,2.63
2013.04.16 13:40:16.298,7.52378,7.5256,1.50,2.25
2013.04.16 13:40:24.889,7.52378,7.5256,1.50,2.25
2013.04.16 13:40:26.868,7.52372,7.5256,1.50,2.25
2013.04.16 13:40:30.339,7.52372,7.5256,1.50,2.25
2013.04.16 13:40:36.308,7.52372,7.5256,1.50,2.25
2013.04.16 13:40:36.539,7.52374,7.52562,1.50,3.38
2013.04.16 13:40:37.071,7.52377,7.52562,1.50,2.63
2013.04.16 13:40:37.448,7.52374,7.52552,1.50,2.63
2013.04.16 13:40:37.568,7.52367,7.52552,1.50,2.63
2013.04.16 13:40:40.078,7.52358,7.52552,1.50,3.38
2013.04.16 13:40:40.419,7.52367,7.52552,1.50,2.63
2013.04.16 13:40:45.250,7.52357,7.52552,2.25,2.63
2013.04.16 13:40:55.498,7.52367,7.52552,1.50,2.63
2013.04.16 13:40:55.559,7.52368,7.52552,1.50,2.63
2013.04.16 13:40:56.588,7.52375,7.52562,1.50,1.50
2013.04.16 13:40:56.708,7.52377,7.52562,1.50,1.50
2013.04.16 13:40:59.608,7.52368,7.52562,1.50,2.25
2013.04.16 13:40:59.967,7.52376,7.52562,1.50,2.25
2013.04.16 13:41:00.689,7.52381,7.52562,1.50,2.25
2013.04.16 13:41:00.910,7.52376,7.52562,1.50,2.25
2013.04.16 13:41:01.095,7.52367,7.52562,2.25,2.25
2013.04.16 13:41:02.183,7.52376,7.52562,1.50,2.25
2013.04.16 13:41:07.851,7.52376,7.52562,1.50,2.25
2013.04.16 13:41:20.149,7.52378,7.52562,1.50,2.25
2013.04.16 13:41:40.068,7.52376,7.52562,1.50,2.25
2013.04.16 13:42:00.198,7.52358,7.52552,1.50,1.50
2013.04.16 13:42:21.519,7.52367,7.52561,1.50,3.00
2013.04.16 13:42:42.430,7.52367,7.52563,1.50,3.38
2013.04.16 13:43:01.819,7.52376,7.52565,1.50,1.50
2013.04.16 13:43:02.440,7.52382,7.52572,1.50,3.00
2013.04.16 13:43:03.762,7.52383,7.52572,1.50,3.00
2013.04.16 13:43:17.062,7.52383,7.52572,1.50,3.00
2013.04.16 13:43:22.511,7.52383,7.5257,1.50,2.25
2013.04.16 13:43:22.941,7.52383,7.5257,1.50,3.00
2013.04.16 13:43:23.578,7.52383,7.5257,1.50,3.00
2013.04.16 13:43:24.010,7.52383,7.5257,1.50,3.00
2013.04.16 13:43:24.308,7.52383,7.5257,1.50,3.00
2013.04.16 13:43:24.428,7.52383,7.5257,1.50,3.00
2013.04.16 13:43:25.900,7.52383,7.5257,1.50,3.00
2013.04.16 13:43:30.770,7.52407,7.5257,1.50,3.00
2013.04.16 13:43:37.604,7.52401,7.5257,1.50,3.00
2013.04.16 13:43:37.973,7.52407,7.5257,1.50,3.00
2013.04.16 13:43:38.469,7.52392,7.52578,1.50,1.50
2013.04.16 13:43:38.692,7.52389,7.52578,1.50,1.50
2013.04.16 13:43:38.880,7.52389,7.52578,1.50,1.50
2013.04.16 13:43:39.239,7.52398,7.52578,1.50,1.50
2013.04.16 13:43:39.382,7.52398,7.52582,2.25,1.33
2013.04.16 13:43:39.660,7.52403,7.52583,1.50,1.33
2013.04.16 13:43:39.929,7.52408,7.52582,1.50,1.33
2013.04.16 13:43:39.989,7.52408,7.52585,1.50,1.13
2013.04.16 13:43:40.172,7.52456,7.52622,1.50,1.88
2013.04.16 13:43:40.242,7.52456,7.52622,1.50,1.88
2013.04.16 13:43:40.308,7.52454,7.52622,2.25,1.50
2013.04.16 13:43:41.424,7.52438,7.52632,1.50,2.63
2013.04.16 13:43:42.178,7.52437,7.52632,1.50,2.63
2013.04.16 13:43:44.033,7.52445,7.52623,1.50,1.88
2013.04.16 13:43:44.109,7.52445,7.52633,1.50,2.48
2013.04.16 13:43:44.960,7.52458,7.52633,1.50,2.48
2013.04.16 13:43:45.246,7.52454,7.52642,2.25,2.25
2013.04.16 13:44:05.511,7.52459,7.52642,1.50,1.50
2013.04.16 13:44:19.298,7.52458,7.52633,1.50,1.88
2013.04.16 13:44:19.359,7.52455,7.52633,1.50,2.63
2013.04.16 13:44:23.140,7.52455,7.52633,1.50,2.63
2013.04.16 13:44:23.401,7.52468,7.52642,1.50,4.13
2013.04.16 13:44:25.609,7.52467,7.52642,1.50,3.38
2013.04.16 13:44:25.729,7.52448,7.52633,1.50,2.63
2013.04.16 13:44:25.920,7.52447,7.52633,1.50,2.63
2013.04.16 13:44:26.770,7.52447,7.52633,1.50,2.63
2013.04.16 13:44:28.814,7.52447,7.52633,1.50,2.63
2013.04.16 13:44:29.401,7.52458,7.52633,3.00,1.88
2013.04.16 13:44:29.585,7.52478,7.52647,1.50,1.50
2013.04.16 13:44:29.651,7.52469,7.52647,1.50,1.50
2013.04.16 13:44:30.010,7.52488,7.52654,1.88,1.50
2013.04.16 13:44:30.377,7.525,7.52662,1.50,3.38
2013.04.16 13:44:30.442,7.52486,7.52657,1.50,1.50
2013.04.16 13:44:30.509,7.52479,7.52656,1.50,2.25
2013.04.16 13:44:32.839,7.52468,7.52652,1.50,2.63
2013.04.16 13:44:33.681,7.52468,7.52652,1.50,2.63
2013.04.16 13:44:34.249,7.52465,7.52656,1.50,2.25
2013.04.16 13:44:34.661,7.52468,7.52656,1.50,2.25
2013.04.16 13:44:37.029,7.52483,7.52657,1.50,1.50
2013.04.16 13:44:37.148,7.52488,7.52662,1.50,1.50
2013.04.16 13:44:37.534,7.52488,7.52662,1.50,2.25
2013.04.16 13:44:37.663,7.52478,7.52662,1.50,2.25
2013.04.16 13:44:38.220,7.52472,7.5266,1.50,3.00
2013.04.16 13:44:38.839,7.5247,7.5266,1.50,3.00
2013.04.16 13:44:39.341,7.52487,7.5266,1.50,3.00
2013.04.16 13:44:39.401,7.52487,7.52662,1.50,2.25
2013.04.16 13:44:40.000,7.5247,7.52632,1.50,1.88
2013.04.16 13:44:40.119,7.52467,7.52632,1.50,2.63
2013.04.16 13:44:40.179,7.52441,7.5263,1.50,1.50
2013.04.16 13:44:40.359,7.52441,7.5263,3.08,1.50
2013.04.16 13:44:40.809,7.52441,7.52631,1.50,2.25
2013.04.16 13:44:41.360,7.52437,7.52632,1.50,4.88
2013.04.16 13:44:43.390,7.52432,7.52613,1.50,1.50
2013.04.16 13:44:43.893,7.52434,7.52623,1.50,1.50
2013.04.16 13:44:44.199,7.52441,7.52632,1.50,2.63
2013.04.16 13:44:44.320,7.52461,7.52649,1.50,2.25
2013.04.16 13:44:44.520,7.52461,7.52642,1.50,1.50
2013.04.16 13:44:45.299,7.52461,7.52642,1.50,1.50
2013.04.16 13:44:47.929,7.52463,7.52651,1.50,3.00
2013.04.16 13:44:48.371,7.52461,7.52642,1.50,1.50
2013.04.16 13:44:49.890,7.52463,7.52651,1.50,3.00
2013.04.16 13:44:50.192,7.52467,7.52663,1.50,4.88
2013.04.16 13:44:50.420,7.52487,7.52663,1.88,3.00
2013.04.16 13:44:50.600,7.52487,7.52663,3.38,2.25
2013.04.16 13:44:50.719,7.5249,7.52663,1.50,1.50
2013.04.16 13:44:50.841,7.52489,7.52663,1.50,1.50
2013.04.16 13:44:50.909,7.52489,7.52673,1.50,2.63
2013.04.16 13:44:50.970,7.52488,7.52673,1.50,2.63
2013.04.16 13:44:51.029,7.52498,7.52678,1.88,2.25
2013.04.16 13:44:51.149,7.52498,7.52703,2.63,1.50
2013.04.16 13:44:51.370,7.52514,7.52703,1.50,1.50
2013.04.16 13:44:51.820,7.52519,7.52693,2.25,1.50
2013.04.16 13:44:52.529,7.52525,7.52704,2.03,3.00
2013.04.16 13:44:53.340,7.52535,7.52713,1.50,1.50
2013.04.16 13:44:53.671,7.52544,7.52722,1.35,3.00
2013.04.16 13:44:54.103,7.52612,7.52844,1.50,1.50
2013.04.16 13:44:54.168,7.52612,7.52844,3.00,3.00
2013.04.16 13:44:54.469,7.52591,7.52823,1.50,1.50
2013.04.16 13:44:55.490,7.52614,7.52803,1.50,1.50
2013.04.16 13:44:55.733,7.52619,7.52803,1.50,1.50
2013.04.16 13:44:55.919,7.52622,7.52811,1.50,1.50
2013.04.16 13:44:56.279,7.52638,7.52811,2.40,1.50
2013.04.16 13:44:56.338,7.52638,7.52811,2.40,1.50
2013.04.16 13:44:57.310,7.52645,7.52823,2.18,3.00
2013.04.16 13:44:57.608,7.52645,7.52823,2.18,1.50
2013.04.16 13:44:57.668,7.52651,7.52823,2.63,1.50
2013.04.16 13:44:57.789,7.52642,7.5283,3.30,2.25
2013.04.16 13:44:58.089,7.52646,7.5283,2.55,2.25
2013.04.16 13:44:58.470,7.52652,7.5283,2.78,2.25
2013.04.16 13:44:59.753,7.52651,7.5283,1.58,2.25
2013.04.16 13:45:02.868,7.52648,7.5283,2.93,2.25
2013.04.16 13:45:03.109,7.52646,7.5283,2.33,2.25
2013.04.16 13:45:03.288,7.52644,7.5283,1.88,2.25
2013.04.16 13:45:03.648,7.52642,7.5283,1.50,2.25
2013.04.16 13:45:05.749,7.52642,7.52806,1.50,1.50
2013.04.16 13:45:12.698,7.52642,7.52802,1.50,1.35
2013.04.16 13:45:12.879,7.52612,7.52783,1.50,1.88
2013.04.16 13:45:12.939,7.52602,7.52772,2.33,1.50
2013.04.16 13:45:13.000,7.52583,7.52772,1.50,1.50
2013.04.16 13:45:14.009,7.52576,7.52772,1.50,2.25
2013.04.16 13:45:14.479,7.52576,7.52764,1.50,2.25
2013.04.16 13:45:16.559,7.52576,7.52762,1.50,1.50
2013.04.16 13:45:18.370,7.52576,7.5274,1.50,1.50
2013.04.16 13:45:28.269,7.52576,7.5274,1.50,1.50
2013.04.16 13:45:28.996,7.52568,7.5274,1.50,1.50
2013.04.16 13:45:34.149,7.52552,7.5274,2.25,1.50
2013.04.16 13:45:34.371,7.52552,7.5274,2.25,1.50
2013.04.16 13:45:34.871,7.52552,7.5274,2.25,1.50
2013.04.16 13:45:35.380,7.52551,7.52737,1.50,1.50
2013.04.16 13:45:39.240,7.52554,7.52743,1.50,2.63
2013.04.16 13:45:39.479,7.52549,7.52737,2.25,1.50
2013.04.16 13:45:39.599,7.52543,7.52732,2.25,1.50
2013.04.16 13:45:39.779,7.52537,7.52732,1.50,3.38
2013.04.16 13:45:39.900,7.52527,7.52732,3.00,3.38
2013.04.16 13:45:40.450,7.52527,7.52723,1.50,2.63
2013.04.16 13:45:41.582,7.52514,7.52704,3.00,1.50
2013.04.16 13:45:41.768,7.52514,7.52693,3.00,1.88
2013.04.16 13:45:41.828,7.52514,7.52693,1.50,2.63
2013.04.16 13:45:42.321,7.52518,7.52693,2.25,1.88
2013.04.16 13:45:42.451,7.52518,7.52703,2.25,1.50
2013.04.16 13:45:42.510,7.52522,7.52697,2.25,1.50
2013.04.16 13:45:42.890,7.52527,7.52705,2.63,1.50
2013.04.16 13:45:43.198,7.52527,7.52713,2.63,1.50
2013.04.16 13:45:43.389,7.52527,7.52713,2.63,1.50
2013.04.16 13:45:43.964,7.52525,7.52713,2.25,1.50
2013.04.16 13:45:44.031,7.52513,7.52703,1.50,3.38
2013.04.16 13:45:44.163,7.52503,7.52692,3.00,1.50
2013.04.16 13:45:45.340,7.52494,7.52682,3.00,1.50
2013.04.16 13:45:46.790,7.52494,7.52682,3.00,1.50
2013.04.16 13:45:48.841,7.52498,7.52692,1.50,1.50
2013.04.16 13:45:49.890,7.52494,7.52682,3.00,1.50
2013.04.16 13:45:50.819,7.52498,7.52692,1.50,1.50
2013.04.16 13:45:51.190,7.52494,7.52682,3.00,1.50
2013.04.16 13:45:51.365,7.52498,7.52692,1.50,1.50
2013.04.16 13:45:57.059,7.52522,7.52706,1.50,2.25
2013.04.16 13:45:57.338,7.52527,7.52714,2.63,1.50
2013.04.16 13:46:00.371,7.52527,7.52714,2.63,1.50
2013.04.16 13:46:01.360,7.52527,7.52714,2.63,1.50
2013.04.16 13:46:11.499,7.52527,7.52714,2.63,1.50
2013.04.16 13:46:15.908,7.52637,7.52738,1.88,3.00
2013.04.16 13:46:16.089,7.52637,7.52769,1.88,3.00
2013.04.16 13:46:16.149,7.52617,7.52771,4.13,1.50
2013.04.16 13:46:16.329,7.5262,7.52803,2.25,1.50
2013.04.16 13:46:16.450,7.52617,7.52816,2.63,1.50
2013.04.16 13:46:16.821,7.52617,7.52822,2.63,1.50
2013.04.16 13:46:17.359,7.52628,7.52816,2.25,1.50
2013.04.16 13:46:17.420,7.52627,7.52803,1.50,1.50
2013.04.16 13:46:18.948,7.52657,7.52805,1.88,3.00
2013.04.16 13:46:19.010,7.52657,7.52834,1.88,3.00
2013.04.16 13:46:19.128,7.52657,7.52853,2.63,1.50
2013.04.16 13:46:19.191,7.52674,7.52853,1.35,1.50
2013.04.16 13:46:19.378,7.52738,7.52902,1.88,2.25
2013.04.16 13:46:19.439,7.52738,7.52912,1.88,1.50
2013.04.16 13:46:19.998,7.52738,7.52917,2.63,1.50
2013.04.16 13:46:20.118,7.52738,7.52915,1.88,3.00
2013.04.16 13:46:24.769,7.52748,7.52915,1.88,3.00
2013.04.16 13:46:28.769,7.52738,7.52915,1.88,3.00
2013.04.16 13:46:30.959,7.52728,7.52915,1.50,3.00
2013.04.16 13:46:31.078,7.52728,7.52891,1.50,1.13
2013.04.16 13:46:31.199,7.52698,7.52884,3.38,1.13
2013.04.16 13:46:31.378,7.52698,7.52884,3.38,1.13
2013.04.16 13:46:43.129,7.52698,7.52872,1.50,1.88
2013.04.16 13:46:43.488,7.52668,7.52844,1.50,3.00
2013.04.16 13:46:43.549,7.52657,7.52844,1.50,3.00
2013.04.16 13:46:44.815,7.52657,7.52844,1.50,3.00
2013.04.16 13:46:45.359,7.52667,7.52845,1.50,1.13
2013.04.16 13:46:49.170,7.52643,7.52828,1.50,2.25
2013.04.16 13:46:51.149,7.52652,7.52835,1.50,1.13
2013.04.16 13:46:51.420,7.52648,7.52835,1.50,1.13
2013.04.16 13:47:04.519,7.52698,7.5284,2.25,1.13
2013.04.16 13:47:04.879,7.52722,7.52862,3.00,1.13
2013.04.16 13:47:05.350,7.52725,7.52862,2.25,1.13
2013.04.16 13:47:06.210,7.52725,7.52863,1.50,1.13
2013.04.16 13:47:06.649,7.52667,7.52849,1.50,1.13
2013.04.16 13:47:16.262,7.52657,7.52842,2.63,1.50
2013.04.16 13:47:16.509,7.52657,7.52823,2.63,1.50
2013.04.16 13:47:16.808,7.52617,7.52796,1.50,1.13
2013.04.16 13:47:17.760,7.52618,7.528,1.50,1.13
2013.04.16 13:47:17.938,7.52618,7.528,1.50,1.13
2013.04.16 13:47:18.119,7.5261,7.52796,1.50,1.13
2013.04.16 13:47:29.387,7.52618,7.52796,1.50,1.13
2013.04.16 13:47:33.638,7.52618,7.52796,1.50,1.13
2013.04.16 13:47:38.301,7.52618,7.52796,1.50,1.13
2013.04.16 13:47:45.218,7.5261,7.52763,2.25,2.25
2013.04.16 13:47:45.399,7.52584,7.5276,1.50,1.13
2013.04.16 13:47:45.459,7.52574,7.52753,2.70,1.13
2013.04.16 13:47:45.739,7.52569,7.52758,1.50,1.13
2013.04.16 13:48:01.351,7.52571,7.52753,1.50,1.13
2013.04.16 13:48:05.470,7.5257,7.52753,1.50,1.13
2013.04.16 13:48:23.159,7.52588,7.52754,1.50,3.00
2013.04.16 13:48:23.519,7.52677,7.52802,2.63,2.25
2013.04.16 13:48:23.579,7.52672,7.52857,1.65,1.50
2013.04.16 13:48:23.639,7.52661,7.52876,1.50,2.25
2013.04.16 13:48:23.699,7.52661,7.52822,1.50,1.88
2013.04.16 13:48:23.879,7.52624,7.52822,1.50,2.25
2013.04.16 13:48:23.939,7.52624,7.52815,1.50,1.13
2013.04.16 13:48:24.293,7.52598,7.52787,1.50,3.00
2013.04.16 13:48:24.420,7.52602,7.52812,1.50,1.13
2013.04.16 13:48:24.907,7.52617,7.52798,1.50,2.25
2013.04.16 13:48:25.299,7.52608,7.52797,2.25,1.50
2013.04.16 13:48:25.418,7.52615,7.52789,1.50,1.50
2013.04.16 13:48:25.730,7.52613,7.52789,1.95,1.50
2013.04.16 13:48:25.857,7.52604,7.52789,1.88,1.50
2013.04.16 13:48:30.680,7.52614,7.52789,1.50,1.50
2013.04.16 13:48:30.926,7.52607,7.52789,1.50,1.50
2013.04.16 13:48:31.129,7.52614,7.52789,1.50,1.50
2013.04.16 13:48:31.341,7.52608,7.52789,1.50,1.50
2013.04.16 13:48:36.402,7.52614,7.52789,1.50,1.50
2013.04.16 13:48:52.483,7.52616,7.52797,1.50,2.25
2013.04.16 13:48:53.790,7.52621,7.52797,1.50,2.25
2013.04.16 13:48:54.148,7.52647,7.52797,1.88,2.25
2013.04.16 13:48:54.335,7.52647,7.52812,2.63,3.00
2013.04.16 13:48:54.401,7.52647,7.52817,2.63,2.25
2013.04.16 13:48:54.518,7.52665,7.52817,1.95,2.25
2013.04.16 13:48:54.731,7.52659,7.52817,1.65,2.25
2013.04.16 13:48:55.254,7.52655,7.52817,2.10,2.25
2013.04.16 13:48:55.379,7.52655,7.52818,2.10,1.50
2013.04.16 13:48:55.499,7.52652,7.5283,1.95,1.50
2013.04.16 13:48:55.808,7.52641,7.5283,1.50,1.50
2013.04.16 13:48:56.179,7.52641,7.5283,1.50,1.50
2013.04.16 13:48:57.469,7.52641,7.5283,1.50,1.50
2013.04.16 13:49:13.918,7.52641,7.5283,1.50,1.50
2013.04.16 13:49:13.987,7.52638,7.5283,1.50,1.50
2013.04.16 13:49:14.109,7.52641,7.5283,1.50,1.50
2013.04.16 13:49:14.523,7.52637,7.5283,1.50,1.50
2013.04.16 13:49:15.682,7.52641,7.5283,1.50,1.50
2013.04.16 13:49:15.791,7.52637,7.5283,1.50,1.50
2013.04.16 13:49:16.340,7.52641,7.5283,1.50,1.50
2013.04.16 13:49:16.774,7.52636,7.52826,2.25,3.00
2013.04.16 13:49:27.840,7.52636,7.52826,2.25,3.00
2013.04.16 13:49:28.139,7.52626,7.52816,1.50,2.25
2013.04.16 13:49:28.199,7.52618,7.52816,1.50,2.25
2013.04.16 13:49:28.259,7.52628,7.52815,1.88,1.50
2013.04.16 13:49:28.786,7.52631,7.52815,2.18,1.50
2013.04.16 13:49:29.623,7.52628,7.52815,1.88,1.50
2013.04.16 13:49:29.689,7.52621,7.52815,1.50,1.50
2013.04.16 13:49:29.880,7.52626,7.52815,1.50,1.50
2013.04.16 13:49:30.859,7.52626,7.52815,1.50,1.50
2013.04.16 13:49:33.402,7.52618,7.52812,1.50,1.50
2013.04.16 13:49:39.232,7.52626,7.52815,1.50,1.50
2013.04.16 13:49:39.300,7.52618,7.52812,1.50,1.50
2013.04.16 13:49:41.873,7.52626,7.52815,1.50,1.50
2013.04.16 13:49:44.291,7.52618,7.52812,1.50,1.50
2013.04.16 13:49:52.670,7.52637,7.52815,1.88,1.50
2013.04.16 13:49:52.909,7.52607,7.52815,3.38,1.50
2013.04.16 13:50:05.479,7.52608,7.52795,2.63,3.00
2013.04.16 13:50:06.759,7.52608,7.52792,1.88,1.50
2013.04.16 13:50:19.258,7.52598,7.52792,4.13,1.50
2013.04.16 13:50:26.401,7.52598,7.52782,4.13,1.50
2013.04.16 13:50:50.189,7.52598,7.52775,2.63,1.50
2013.04.16 13:51:02.420,7.52598,7.52783,2.63,1.50
2013.04.16 13:51:02.599,7.52588,7.52783,2.63,1.50
2013.04.16 13:51:05.901,7.52598,7.52768,2.63,1.50
2013.04.16 13:51:06.924,7.52598,7.52782,2.63,1.50
2013.04.16 13:51:09.040,7.52598,7.52782,2.78,1.50
2013.04.16 13:51:09.401,7.52697,7.52842,1.88,1.50
2013.04.16 13:51:09.760,7.52678,7.52823,1.50,1.88
2013.04.16 13:51:09.879,7.52628,7.52802,1.50,2.25
2013.04.16 13:51:09.939,7.52621,7.52802,1.50,2.25
2013.04.16 13:51:10.059,7.52614,7.52802,1.50,2.25
2013.04.16 13:51:10.179,7.52608,7.52802,2.63,2.25
2013.04.16 13:51:29.224,7.52598,7.52778,2.63,1.50
2013.04.16 13:51:29.990,7.52598,7.52776,2.63,1.50
2013.04.16 13:51:33.960,7.52598,7.52792,3.38,1.50
2013.04.16 13:51:50.419,7.52598,7.52792,3.38,1.50
2013.04.16 13:52:15.102,7.52598,7.52776,2.63,1.50
2013.04.16 13:52:31.303,7.52598,7.52773,2.63,1.50
2013.04.16 13:52:36.790,7.52587,7.5277,2.63,1.50
2013.04.16 13:52:46.103,7.52587,7.52762,2.63,1.50
2013.04.16 13:52:48.201,7.52587,7.52759,2.63,1.50
2013.04.16 13:52:48.260,7.52587,7.52762,2.63,1.50
2013.04.16 13:52:48.320,7.52587,7.52762,1.88,1.50
2013.04.16 13:52:48.811,7.52587,7.52746,1.88,1.50
2013.04.16 13:52:49.329,7.52587,7.52763,1.88,1.50
2013.04.16 13:52:49.449,7.52567,7.52763,2.63,1.50
2013.04.16 13:52:49.969,7.52578,7.52752,2.63,1.50
2013.04.16 13:52:50.520,7.52567,7.52752,2.63,1.50
2013.04.16 13:52:51.670,7.52578,7.52752,2.63,1.50
2013.04.16 13:52:51.731,7.52578,7.52747,2.63,1.50
2013.04.16 13:52:52.089,7.52588,7.52752,1.88,1.50
2013.04.16 13:52:52.209,7.52578,7.52767,2.63,1.13
2013.04.16 13:52:52.332,7.52578,7.52753,1.88,1.50
2013.04.16 13:52:54.700,7.52578,7.52762,2.63,1.50
2013.04.16 13:53:13.353,7.52582,7.52767,1.50,1.13
2013.04.16 13:53:14.449,7.52578,7.52763,2.63,1.50
2013.04.16 13:53:15.409,7.52578,7.52763,2.63,1.50
2013.04.16 13:53:16.600,7.52586,7.52767,1.50,1.13
2013.04.16 13:53:27.420,7.52586,7.52768,1.50,1.13
2013.04.16 13:53:39.920,7.52586,7.52767,1.50,1.13
2013.04.16 13:53:39.979,7.52598,7.52767,1.88,1.13
2013.04.16 13:53:40.039,7.52598,7.52767,1.88,1.13
2013.04.16 13:53:40.159,7.526,7.5279,2.25,1.88
2013.04.16 13:53:40.219,7.52601,7.5279,1.50,1.13
2013.04.16 13:53:41.719,7.52608,7.5279,1.50,1.13
2013.04.16 13:53:49.678,7.52617,7.52794,1.50,1.13
2013.04.16 13:53:50.340,7.52607,7.52793,2.63,1.50
2013.04.16 13:54:02.005,7.52617,7.52794,1.50,1.13
2013.04.16 13:54:03.299,7.52607,7.52784,1.50,1.13
2013.04.16 13:54:03.419,7.52608,7.52764,1.88,1.13
2013.04.16 13:54:03.539,7.52608,7.52788,2.63,1.50
2013.04.16 13:54:04.889,7.52615,7.52803,1.50,2.25
2013.04.16 13:54:05.328,7.52618,7.5281,1.50,1.13
2013.04.16 13:54:14.529,7.52628,7.52811,1.88,3.00
2013.04.16 13:54:14.589,7.52628,7.52821,2.63,3.00
2013.04.16 13:54:16.770,7.52631,7.52821,1.50,3.00
2013.04.16 13:54:17.870,7.52631,7.52821,1.50,3.00
2013.04.16 13:54:18.349,7.52639,7.52823,1.50,1.13
2013.04.16 13:54:22.428,7.52637,7.52823,1.50,1.13
2013.04.16 13:54:22.609,7.52629,7.52817,1.50,2.25
2013.04.16 13:54:23.749,7.52636,7.52823,1.50,1.13
2013.04.16 13:54:24.183,7.52629,7.52805,1.50,1.13
2013.04.16 13:54:24.750,7.52629,7.52805,1.50,1.13
2013.04.16 13:54:31.353,7.52617,7.52805,1.50,1.13
2013.04.16 13:54:31.620,7.52629,7.52805,1.50,1.13
2013.04.16 13:54:32.724,7.52618,7.52805,1.50,1.13
2013.04.16 13:54:34.089,7.52618,7.52805,1.50,1.13
2013.04.16 13:54:54.419,7.52615,7.52802,1.50,1.13
2013.04.16 13:55:15.391,7.52613,7.52801,1.50,1.13
2013.04.16 13:55:23.391,7.52608,7.52801,1.50,1.13
2013.04.16 13:55:23.522,7.52613,7.52802,1.50,1.50
2013.04.16 13:55:23.879,7.52618,7.52811,1.50,3.00
2013.04.16 13:55:24.768,7.52623,7.52803,1.50,1.50
2013.04.16 13:55:24.950,7.52636,7.52802,1.50,1.50
2013.04.16 13:55:25.130,7.5265,7.52821,1.50,1.50
2013.04.16 13:55:25.449,7.52656,7.52823,1.50,1.50
2013.04.16 13:55:25.979,7.52656,7.5282,1.50,1.50
2013.04.16 13:55:26.419,7.52656,7.52832,1.50,1.50
2013.04.16 13:55:27.078,7.52663,7.52829,1.50,1.50
2013.04.16 13:55:27.958,7.52663,7.52842,1.50,1.61
2013.04.16 13:55:28.678,7.52663,7.52842,1.50,1.61
2013.04.16 13:55:29.450,7.52667,7.52852,2.63,2.09
2013.04.16 13:55:29.639,7.52667,7.5285,1.88,3.11
2013.04.16 13:55:29.700,7.52658,7.5285,3.00,3.11
2013.04.16 13:55:30.969,7.52638,7.52822,3.00,1.88
2013.04.16 13:55:31.209,7.52631,7.52822,1.50,2.63
2013.04.16 13:55:32.600,7.52628,7.52825,1.50,3.00
2013.04.16 13:55:32.924,7.52638,7.52832,1.50,2.25
2013.04.16 13:55:35.070,7.52636,7.52826,1.50,3.00
2013.04.16 13:55:35.380,7.52636,7.52822,1.50,2.63
2013.04.16 13:55:36.784,7.52636,7.52822,1.50,2.63
2013.04.16 13:55:37.779,7.52646,7.52822,1.50,2.63
2013.04.16 13:55:37.959,7.52631,7.52822,1.50,2.63
2013.04.16 13:55:38.139,7.5263,7.52832,3.00,4.13
2013.04.16 13:55:41.139,7.52654,7.52832,1.50,4.13
2013.04.16 13:55:58.659,7.52653,7.52832,1.50,4.13
2013.04.16 13:56:00.179,7.52632,7.52832,1.35,2.25
2013.04.16 13:56:00.239,7.52658,7.52832,2.63,2.25
2013.04.16 13:56:00.383,7.52658,7.5285,2.63,3.00
2013.04.16 13:56:01.479,7.52657,7.52858,1.50,2.25
2013.04.16 13:56:01.802,7.5267,7.52858,1.50,2.25
2013.04.16 13:56:02.799,7.5267,7.52858,1.50,2.25
2013.04.16 13:56:02.859,7.52667,7.52858,1.50,2.25
2013.04.16 13:56:06.080,7.52661,7.52851,1.50,2.25
2013.04.16 13:56:06.140,7.52647,7.52843,3.38,1.50
2013.04.16 13:56:06.202,7.52647,7.52843,3.38,3.00
2013.04.16 13:56:06.552,7.52653,7.52842,1.50,1.50
2013.04.16 13:56:11.227,7.52647,7.52823,2.63,1.50
2013.04.16 13:56:26.429,7.52647,7.52823,2.63,1.50
2013.04.16 13:56:31.460,7.52619,7.52831,2.25,2.25
2013.04.16 13:56:47.659,7.52618,7.52812,2.25,1.50
2013.04.16 13:56:48.194,7.52657,7.52802,1.88,1.50
2013.04.16 13:56:48.383,7.52648,7.52807,1.88,1.50
2013.04.16 13:56:48.451,7.52648,7.52831,1.88,2.25
2013.04.16 13:56:48.649,7.52648,7.52832,2.63,1.50
2013.04.16 13:56:49.400,7.52648,7.52815,2.63,1.50
2013.04.16 13:56:49.799,7.52648,7.52815,2.63,1.50
2013.04.16 13:56:50.401,7.52648,7.52823,2.63,1.50
2013.04.16 13:56:54.792,7.52648,7.52815,2.63,1.50
2013.04.16 13:56:56.861,7.52648,7.52815,2.63,1.50
2013.04.16 13:56:57.102,7.52648,7.52795,1.88,1.50
2013.04.16 13:56:57.171,7.52648,7.52802,1.88,1.50
2013.04.16 13:56:57.301,7.52638,7.52813,3.38,2.25
2013.04.16 13:56:57.720,7.52638,7.52812,1.88,1.50
2013.04.16 13:56:58.240,7.52638,7.52812,1.88,1.50
2013.04.16 13:56:58.549,7.52648,7.52812,1.88,1.50
2013.04.16 13:56:59.219,7.52648,7.52812,1.88,1.50
2013.04.16 13:57:05.319,7.52637,7.52823,2.63,1.50
2013.04.16 13:57:06.469,7.52637,7.52806,2.63,1.50
2013.04.16 13:57:06.650,7.52637,7.52793,1.88,1.50
2013.04.16 13:57:06.710,7.52637,7.52805,1.88,2.25
2013.04.16 13:57:06.910,7.52637,7.52804,1.88,1.50
2013.04.16 13:57:07.270,7.52627,7.52803,4.13,1.50
2013.04.16 13:57:07.923,7.52638,7.52803,1.88,1.50
2013.04.16 13:57:08.829,7.52628,7.52813,2.63,1.50
2013.04.16 13:57:13.609,7.52627,7.52802,1.50,2.63
2013.04.16 13:57:13.670,7.52597,7.52802,1.50,2.63
2013.04.16 13:57:13.731,7.52587,7.52796,1.50,3.00
2013.04.16 13:57:23.941,7.52608,7.52796,1.50,3.00
2013.04.16 13:57:24.611,7.52597,7.52793,1.50,1.50
2013.04.16 13:57:33.290,7.526,7.52793,3.00,1.50
2013.04.16 13:57:35.160,7.52624,7.52812,1.50,1.50
2013.04.16 13:57:35.400,7.52618,7.52813,1.50,4.13
2013.04.16 13:57:36.600,7.52624,7.52813,1.50,2.25
2013.04.16 13:57:36.900,7.52618,7.52804,1.50,2.25
2013.04.16 13:57:37.761,7.52618,7.52804,1.50,2.25
2013.04.16 13:57:39.380,7.52618,7.52805,1.50,1.50
2013.04.16 13:57:39.679,7.52617,7.52807,1.50,2.25
2013.04.16 13:57:40.421,7.52617,7.52807,1.50,3.00
2013.04.16 13:57:41.849,7.52628,7.52807,1.50,1.50
2013.04.16 13:57:42.209,7.52628,7.52816,3.38,2.25
2013.04.16 13:57:42.391,7.52628,7.52816,2.63,2.25
2013.04.16 13:57:46.825,7.52628,7.52816,1.50,2.25
2013.04.16 13:57:47.822,7.52628,7.52816,1.50,2.25
2013.04.16 13:57:50.149,7.52628,7.52816,1.50,2.25
2013.04.16 13:57:51.473,7.52628,7.52816,1.50,2.25
2013.04.16 13:57:52.968,7.52628,7.52816,1.50,2.25
2013.04.16 13:57:54.329,7.5263,7.52819,1.50,1.50
2013.04.16 13:57:56.213,7.52639,7.52828,1.50,1.50
2013.04.16 13:57:56.670,7.52632,7.5282,1.50,2.25
2013.04.16 13:57:56.731,7.52639,7.52829,1.50,3.00
2013.04.16 13:57:57.290,7.52639,7.52829,1.50,3.00
2013.04.16 13:57:57.650,7.52639,7.52829,1.50,3.00
2013.04.16 13:57:58.329,7.52639,7.52829,1.50,3.00
2013.04.16 13:57:58.839,7.52639,7.52829,1.50,3.00
2013.04.16 13:58:17.429,7.52633,7.52821,1.50,2.25
2013.04.16 13:58:17.861,7.52627,7.52821,2.25,2.25
2013.04.16 13:58:19.739,7.52608,7.52811,2.63,3.00
2013.04.16 13:58:22.290,7.52608,7.52801,1.50,1.50
2013.04.16 13:58:22.820,7.52612,7.52801,1.50,1.50
2013.04.16 13:58:23.900,7.52607,7.52801,3.98,1.50
2013.04.16 13:58:25.811,7.52612,7.52801,1.50,1.50
2013.04.16 13:58:26.361,7.52607,7.52801,3.23,1.50
2013.04.16 13:58:26.420,7.52607,7.52772,1.35,1.88
2013.04.16 13:58:26.740,7.52577,7.52759,1.50,1.50
2013.04.16 13:58:27.101,7.52587,7.52767,1.50,2.25
2013.04.16 13:58:27.220,7.52578,7.52767,1.50,2.25
2013.04.16 13:58:27.280,7.52607,7.52767,1.88,2.25
2013.04.16 13:58:27.460,7.52607,7.52791,2.63,2.25
2013.04.16 13:58:27.519,7.52607,7.52819,3.38,1.50
2013.04.16 13:58:27.640,7.52607,7.52792,1.88,2.25
2013.04.16 13:58:28.420,7.52627,7.52792,1.88,2.25
2013.04.16 13:58:28.660,7.52627,7.52814,1.88,3.00
2013.04.16 13:58:29.349,7.52618,7.52814,2.63,3.00
2013.04.16 13:58:32.359,7.52618,7.52723,1.50,1.88
2013.04.16 13:58:32.600,7.52562,7.52723,2.25,1.88
2013.04.16 13:58:32.719,7.52551,7.52723,1.50,2.63
2013.04.16 13:58:32.780,7.52537,7.52723,1.50,2.63
2013.04.16 13:58:32.961,7.52525,7.52716,1.50,2.25
2013.04.16 13:58:33.272,7.52558,7.52731,2.63,1.50
2013.04.16 13:58:33.343,7.52558,7.52755,2.63,2.25
2013.04.16 13:58:33.762,7.52567,7.52763,2.63,3.00
2013.04.16 13:58:34.845,7.52578,7.52763,1.88,2.25
2013.04.16 13:58:35.090,7.52578,7.52773,2.63,3.00
2013.04.16 13:58:36.171,7.52567,7.52762,1.50,1.50
2013.04.16 13:58:45.700,7.52557,7.52743,2.63,1.50
2013.04.16 13:58:46.001,7.52577,7.52693,1.88,1.50
2013.04.16 13:58:46.122,7.52577,7.52718,1.88,1.50
2013.04.16 13:58:46.240,7.52558,7.5274,4.13,1.50
2013.04.16 13:58:47.430,7.52557,7.52752,1.50,4.88
2013.04.16 13:58:47.491,7.52562,7.52752,1.50,4.88
2013.04.16 13:58:47.800,7.52554,7.52744,1.50,3.00
2013.04.16 13:58:48.418,7.52554,7.52744,1.50,3.00
2013.04.16 13:58:48.700,7.5253,7.52744,3.00,3.00
2013.04.16 13:58:49.181,7.52527,7.52719,2.25,2.25
2013.04.16 13:58:53.930,7.52531,7.52719,1.50,2.25
2013.04.16 13:58:54.147,7.52527,7.52711,1.50,3.00
2013.04.16 13:58:56.850,7.52527,7.52711,2.25,2.25
2013.04.16 13:58:56.911,7.52535,7.52723,1.50,4.13
2013.04.16 13:58:58.719,7.52535,7.52723,1.50,2.25
2013.04.16 13:58:59.711,7.52535,7.52723,1.50,2.25
2013.04.16 13:59:05.171,7.52535,7.52723,1.50,2.25
2013.04.16 13:59:06.580,7.52567,7.52723,2.10,2.25
2013.04.16 13:59:06.760,7.52617,7.52733,1.88,1.50
2013.04.16 13:59:06.822,7.52617,7.52757,1.88,1.50
2013.04.16 13:59:06.892,7.52617,7.52781,1.88,2.25
2013.04.16 13:59:06.965,7.52617,7.52799,1.88,1.58
2013.04.16 13:59:07.033,7.52598,7.52742,1.50,1.88
2013.04.16 13:59:07.350,7.52543,7.52732,1.50,1.50
2013.04.16 13:59:07.932,7.52543,7.52732,1.50,1.50
2013.04.16 13:59:08.170,7.52543,7.52732,1.50,1.50
2013.04.16 13:59:08.350,7.52551,7.52732,1.50,1.50
2013.04.16 13:59:08.680,7.52551,7.52741,1.50,3.00
2013.04.16 13:59:08.861,7.52551,7.52741,1.50,3.00
2013.04.16 13:59:09.161,7.52551,7.52741,1.50,3.00
2013.04.16 13:59:09.400,7.52561,7.5275,1.50,1.50
2013.04.16 13:59:11.901,7.52561,7.5275,1.50,1.50
2013.04.16 13:59:15.711,7.52561,7.5275,1.50,1.50
2013.04.16 13:59:25.981,7.52561,7.5275,1.50,1.50
2013.04.16 13:59:29.581,7.52565,7.52755,1.50,3.00
2013.04.16 13:59:34.101,7.52565,7.52755,1.50,3.00
2013.04.16 13:59:34.280,7.52565,7.52722,1.50,1.88
2013.04.16 13:59:34.579,7.52548,7.52712,3.38,1.50
2013.04.16 13:59:34.700,7.52552,7.5273,1.50,2.25
2013.04.16 13:59:34.760,7.52576,7.52762,1.50,2.63
2013.04.16 13:59:35.270,7.52558,7.52764,1.50,1.35
2013.04.16 13:59:35.332,7.52558,7.52755,1.50,2.25
2013.04.16 13:59:35.661,7.52565,7.52754,1.50,1.50
2013.04.16 13:59:36.069,7.52573,7.52754,1.50,1.50
2013.04.16 13:59:36.623,7.52576,7.52764,1.50,2.25
2013.04.16 13:59:37.140,7.52576,7.52764,1.50,2.25
2013.04.16 13:59:38.130,7.52576,7.52752,1.50,2.63
2013.04.16 13:59:38.490,7.52551,7.5274,1.50,1.50
2013.04.16 13:59:38.671,7.52551,7.5274,1.50,1.50
2013.04.16 13:59:39.790,7.52551,7.5274,1.50,1.50
2013.04.16 13:59:41.042,7.5256,7.5274,1.50,1.50
2013.04.16 13:59:41.530,7.52568,7.52748,1.50,1.50
2013.04.16 13:59:41.769,7.52557,7.52745,1.50,2.25
2013.04.16 13:59:42.130,7.52565,7.52746,1.50,1.50
2013.04.16 13:59:42.690,7.52554,7.52742,1.50,2.25
2013.04.16 13:59:43.230,7.52568,7.52756,3.38,3.00
2013.04.16 13:59:43.350,7.52576,7.52764,1.50,3.00
2013.04.16 13:59:44.161,7.52584,7.52764,1.50,1.50
2013.04.16 13:59:44.830,7.52584,7.52772,1.50,3.00
2013.04.16 13:59:45.181,7.52584,7.52772,1.50,3.00
2013.04.16 13:59:45.939,7.52584,7.52772,1.50,3.00
2013.04.16 13:59:46.007,7.52593,7.52781,1.50,2.25
2013.04.16 13:59:48.735,7.52593,7.52781,1.50,2.25
2013.04.16 13:59:49.464,7.52593,7.52781,1.50,2.25
2013.04.16 13:59:49.700,7.52593,7.52781,1.50,2.25
2013.04.16 13:59:49.760,7.52608,7.5279,1.88,3.00
2013.04.16 13:59:49.939,7.52608,7.52792,2.63,2.25
2013.04.16 13:59:50.700,7.5262,7.52809,1.50,1.50
2013.04.16 13:59:50.820,7.5262,7.52809,1.50,1.50
2013.04.16 13:59:51.305,7.5262,7.52809,1.50,1.50
2013.04.16 13:59:51.801,7.5262,7.52809,1.50,1.50
2013.04.16 13:59:52.170,7.52632,7.52809,2.25,1.50
2013.04.16 13:59:52.230,7.52677,7.52821,1.88,1.50
2013.04.16 13:59:52.350,7.52677,7.52845,2.63,1.50
2013.04.16 13:59:52.590,7.52677,7.52873,2.63,3.00
2013.04.16 13:59:54.440,7.52683,7.52873,1.50,3.00
2013.04.16 13:59:54.981,7.52683,7.52873,1.50,3.00
2013.04.16 13:59:55.241,7.52678,7.52873,1.50,3.00
2013.04.16 13:59:55.482,7.52698,7.52873,1.88,3.00
2013.04.16 13:59:56.083,7.52688,7.52873,2.63,3.00
2013.04.16 13:59:56.372,7.52688,7.52873,2.63,3.00
2013.04.16 13:59:56.734,7.52678,7.52862,2.63,2.25
2013.04.16 13:59:57.860,7.52678,7.52862,2.63,2.25
2013.04.16 13:59:58.100,7.52717,7.52883,1.88,1.44
2013.04.16 13:59:58.160,7.52717,7.52893,2.63,2.18
2013.04.16 13:59:58.480,7.52717,7.52918,2.63,1.50
2013.04.16 13:59:59.020,7.52708,7.52898,2.25,2.25
2013.04.16 13:59:59.322,7.52699,7.52889,1.50,3.00
2013.04.16 13:59:59.632,7.52753,7.52889,2.10,3.00
2013.04.16 13:59:59.810,7.52798,7.52913,1.88,2.25
2013.04.16 13:59:59.870,7.52798,7.52938,1.88,3.00
2013.04.16 13:59:59.931,7.52797,7.52883,1.50,1.88
