2013.04.11 08:00:03.436,7.50907,7.51078,2.63,1.50
2013.04.11 08:00:05.145,7.50907,7.51093,2.63,1.50
2013.04.11 08:00:05.335,7.50918,7.51093,1.88,1.50
2013.04.11 08:00:05.464,7.50918,7.51093,2.63,1.50
2013.04.11 08:00:10.345,7.50918,7.51093,2.63,1.50
2013.04.11 08:00:18.114,7.50918,7.51112,3.38,1.50
2013.04.11 08:00:18.853,7.50927,7.51113,2.63,1.50
2013.04.11 08:00:26.113,7.50937,7.51125,1.50,2.25
2013.04.11 08:00:34.733,7.50927,7.51125,1.50,2.25
2013.04.11 08:00:39.910,7.50937,7.51126,1.50,2.25
2013.04.11 08:00:44.544,7.50938,7.51126,1.50,2.25
2013.04.11 08:00:46.685,7.50938,7.51126,1.50,2.25
2013.04.11 08:00:47.213,7.50929,7.51117,1.50,3.00
2013.04.11 08:00:47.863,7.50929,7.51117,1.50,3.00
2013.04.11 08:00:48.223,7.50917,7.511,2.25,3.00
2013.04.11 08:00:49.054,7.50917,7.511,2.25,3.00
2013.04.11 08:00:50.509,7.50917,7.511,2.25,3.00
2013.04.11 08:00:50.693,7.50917,7.51092,1.50,1.50
2013.04.11 08:00:50.813,7.50897,7.51092,2.63,1.50
2013.04.11 08:00:53.164,7.50898,7.51092,1.50,1.50
2013.04.11 08:00:53.554,7.50898,7.51092,1.50,1.50
2013.04.11 08:00:55.110,7.50909,7.51098,1.50,1.50
2013.04.11 08:00:56.464,7.50908,7.51098,1.50,1.50
2013.04.11 08:00:59.912,7.50917,7.51098,1.88,1.50
2013.04.11 08:01:00.104,7.50917,7.51107,2.63,1.50
2013.04.11 08:01:01.393,7.50908,7.51099,3.00,2.25
2013.04.11 08:01:01.703,7.50911,7.51099,1.50,2.25
2013.04.11 08:01:01.853,7.50911,7.51099,1.50,2.25
2013.04.11 08:01:02.157,7.50969,7.51099,2.93,2.25
2013.04.11 08:01:03.169,7.50969,7.511,2.93,1.50
2013.04.11 08:01:03.241,7.50949,7.51107,2.78,2.25
2013.04.11 08:01:03.483,7.5096,7.51107,1.95,2.25
2013.04.11 08:01:04.115,7.50968,7.51107,2.25,2.25
2013.04.11 08:01:04.172,7.50968,7.51116,2.25,3.00
2013.04.11 08:01:04.363,7.5096,7.51103,2.33,1.50
2013.04.11 08:01:04.423,7.50964,7.51103,2.40,1.50
2013.04.11 08:01:05.806,7.50964,7.51103,2.40,1.50
2013.04.11 08:01:05.945,7.50977,7.51123,2.18,3.75
2013.04.11 08:01:06.304,7.50992,7.51131,1.88,2.25
2013.04.11 08:01:06.832,7.50991,7.51112,2.25,1.50
2013.04.11 08:01:07.153,7.50992,7.51122,1.80,1.50
2013.04.11 08:01:07.674,7.50993,7.51122,2.10,1.50
2013.04.11 08:01:08.373,7.51002,7.5114,2.70,3.00
2013.04.11 08:01:10.863,7.51002,7.51142,2.70,1.50
2013.04.11 08:01:17.003,7.50998,7.51145,2.70,1.35
2013.04.11 08:01:17.665,7.51004,7.51145,2.33,1.35
2013.04.11 08:01:24.130,7.51009,7.51145,2.63,1.35
2013.04.11 08:01:31.444,7.51009,7.51145,1.73,1.35
2013.04.11 08:01:31.563,7.51009,7.51145,1.73,1.35
2013.04.11 08:01:36.986,7.51011,7.51145,1.88,1.35
2013.04.11 08:01:38.864,7.51015,7.51145,1.80,1.35
2013.04.11 08:01:41.193,7.51013,7.51145,2.10,1.35
2013.04.11 08:01:42.735,7.5101,7.51145,2.63,1.35
2013.04.11 08:01:43.833,7.51005,7.51145,1.80,1.35
2013.04.11 08:01:44.485,7.51,7.51145,2.85,1.35
2013.04.11 08:01:44.604,7.51,7.51148,2.85,1.35
2013.04.11 08:01:44.663,7.51,7.51145,2.85,1.35
2013.04.11 08:01:44.983,7.51,7.5114,2.85,3.00
2013.04.11 08:01:50.763,7.50983,7.5114,1.80,3.00
2013.04.11 08:01:50.884,7.50977,7.5114,1.50,3.00
2013.04.11 08:01:51.004,7.50973,7.5114,2.25,3.00
2013.04.11 08:01:51.993,7.50977,7.5114,1.65,3.00
2013.04.11 08:01:52.503,7.50977,7.51141,1.65,3.00
2013.04.11 08:01:54.743,7.5098,7.51141,2.55,3.00
2013.04.11 08:02:00.513,7.50978,7.51141,2.85,3.00
2013.04.11 08:02:00.574,7.50978,7.51141,2.85,1.50
2013.04.11 08:02:00.694,7.50978,7.51138,2.85,2.25
2013.04.11 08:02:05.990,7.51007,7.51138,1.73,2.25
2013.04.11 08:02:10.693,7.51011,7.51138,2.55,2.25
2013.04.11 08:02:10.753,7.51011,7.51139,2.55,1.50
2013.04.11 08:02:16.504,7.51007,7.51146,1.95,2.25
2013.04.11 08:02:16.564,7.51007,7.51145,1.95,1.50
2013.04.11 08:02:16.624,7.51007,7.51144,1.95,1.50
2013.04.11 08:02:26.934,7.51011,7.51144,2.70,1.50
2013.04.11 08:02:31.824,7.50975,7.51144,1.50,1.50
2013.04.11 08:02:31.882,7.50975,7.51144,1.50,1.50
2013.04.11 08:02:32.483,7.50975,7.51144,1.50,1.50
2013.04.11 08:02:32.993,7.5097,7.51144,1.50,2.25
2013.04.11 08:02:43.366,7.50968,7.51144,1.50,2.25
2013.04.11 08:02:43.835,7.50975,7.51144,1.50,2.25
2013.04.11 08:02:46.364,7.50968,7.51144,1.50,2.25
2013.04.11 08:02:46.603,7.50968,7.51145,1.69,1.50
2013.04.11 08:02:46.795,7.50979,7.51148,2.33,1.50
2013.04.11 08:02:46.922,7.50979,7.51148,2.33,1.50
2013.04.11 08:02:48.589,7.50975,7.51158,1.50,2.25
2013.04.11 08:02:49.452,7.50985,7.51158,1.50,2.25
2013.04.11 08:02:50.110,7.50985,7.51158,1.50,2.25
2013.04.11 08:02:50.746,7.50987,7.51158,1.50,2.25
2013.04.11 08:02:53.613,7.50987,7.51158,1.50,2.25
2013.04.11 08:02:58.783,7.50978,7.51158,1.50,2.25
2013.04.11 08:03:02.396,7.50987,7.51158,1.50,2.25
2013.04.11 08:03:02.665,7.50987,7.51166,1.50,3.00
2013.04.11 08:03:04.373,7.50987,7.51166,1.50,3.00
2013.04.11 08:03:04.594,7.50987,7.51166,1.50,3.00
2013.04.11 08:03:04.999,7.50992,7.51158,1.50,1.50
2013.04.11 08:03:05.201,7.50992,7.51158,1.50,1.50
2013.04.11 08:03:14.763,7.50997,7.51158,1.50,1.50
2013.04.11 08:03:15.963,7.50988,7.51166,1.50,3.00
2013.04.11 08:03:17.152,7.50987,7.51166,1.50,3.00
2013.04.11 08:03:19.078,7.50987,7.51166,1.50,3.00
2013.04.11 08:03:20.437,7.50987,7.51166,1.50,3.00
2013.04.11 08:03:20.683,7.50987,7.51166,1.50,3.00
2013.04.11 08:03:22.194,7.50997,7.51166,1.50,3.00
2013.04.11 08:03:31.217,7.50988,7.51158,1.50,1.50
2013.04.11 08:03:32.165,7.50988,7.51158,1.50,1.50
2013.04.11 08:03:36.683,7.50988,7.51158,1.50,1.50
2013.04.11 08:03:37.223,7.50992,7.51158,1.50,1.50
2013.04.11 08:03:38.052,7.50998,7.51158,1.50,1.50
2013.04.11 08:03:44.023,7.50998,7.51136,1.50,1.50
2013.04.11 08:03:46.243,7.50998,7.51136,1.50,1.50
2013.04.11 08:03:46.875,7.50979,7.51136,2.33,1.50
2013.04.11 08:03:46.933,7.50979,7.51136,2.33,1.50
2013.04.11 08:03:47.153,7.50989,7.51143,1.50,2.25
2013.04.11 08:03:48.074,7.50989,7.51143,1.50,2.25
2013.04.11 08:03:48.839,7.50987,7.51143,1.50,2.25
2013.04.11 08:03:52.955,7.50981,7.51143,2.78,2.25
2013.04.11 08:03:53.335,7.50997,7.51143,1.50,2.25
2013.04.11 08:03:54.070,7.50997,7.51143,1.50,2.25
2013.04.11 08:04:02.604,7.50987,7.51143,1.80,2.25
2013.04.11 08:04:02.722,7.50978,7.51143,2.63,2.25
2013.04.11 08:04:03.156,7.50988,7.51143,1.50,2.25
2013.04.11 08:04:04.507,7.50988,7.51143,1.50,2.25
2013.04.11 08:04:06.463,7.50978,7.51143,3.38,2.25
2013.04.11 08:04:07.083,7.50978,7.51138,2.33,1.50
2013.04.11 08:04:08.683,7.50988,7.51138,1.50,1.50
2013.04.11 08:04:10.070,7.50991,7.51138,1.50,1.50
2013.04.11 08:04:15.164,7.50987,7.51138,1.50,1.50
2013.04.11 08:04:15.403,7.50987,7.51138,2.85,1.50
2013.04.11 08:04:16.163,7.50997,7.51138,1.50,1.50
2013.04.11 08:04:18.732,7.50977,7.51138,3.38,1.50
2013.04.11 08:04:19.094,7.50987,7.51138,1.50,1.50
2013.04.11 08:04:19.763,7.50987,7.51146,1.50,3.00
2013.04.11 08:04:20.080,7.50987,7.51146,1.50,3.00
2013.04.11 08:04:24.377,7.50987,7.51146,1.50,3.00
2013.04.11 08:04:24.695,7.50987,7.51146,1.50,3.00
2013.04.11 08:04:33.227,7.51035,7.51146,2.70,3.00
2013.04.11 08:04:35.833,7.51025,7.51146,2.63,3.00
2013.04.11 08:04:39.885,7.51025,7.51146,2.63,1.50
2013.04.11 08:04:41.553,7.51025,7.51133,2.63,2.25
2013.04.11 08:04:41.733,7.51024,7.51134,2.55,1.50
2013.04.11 08:04:41.853,7.51029,7.51141,2.63,1.50
2013.04.11 08:04:43.695,7.51035,7.51141,1.58,1.50
2013.04.11 08:04:51.794,7.51025,7.51141,1.73,1.50
2013.04.11 08:04:52.784,7.51025,7.51141,1.73,1.50
2013.04.11 08:05:06.853,7.51025,7.51141,2.85,2.25
2013.04.11 08:05:07.510,7.51029,7.51141,1.65,2.25
2013.04.11 08:05:07.734,7.51025,7.51141,2.10,2.25
2013.04.11 08:05:11.803,7.51024,7.51141,2.78,2.25
2013.04.11 08:05:13.810,7.51024,7.51133,2.78,2.25
2013.04.11 08:05:14.184,7.51008,7.51133,1.50,3.00
2013.04.11 08:05:14.774,7.51008,7.51125,1.50,2.25
2013.04.11 08:05:15.773,7.51008,7.51126,1.50,1.50
2013.04.11 08:05:15.894,7.51027,7.51133,2.63,3.00
2013.04.11 08:05:16.423,7.51009,7.51133,2.03,3.00
2013.04.11 08:05:16.544,7.51009,7.51125,2.03,3.00
2013.04.11 08:05:17.079,7.51008,7.51125,2.10,3.00
2013.04.11 08:05:19.022,7.51004,7.51123,2.85,2.25
2013.04.11 08:05:20.863,7.51027,7.51132,1.80,3.00
2013.04.11 08:05:22.393,7.51001,7.51132,1.65,3.00
2013.04.11 08:05:23.856,7.51023,7.51132,2.25,3.00
2013.04.11 08:05:23.928,7.51023,7.5114,2.25,3.00
2013.04.11 08:05:24.067,7.51003,7.5114,2.18,3.00
2013.04.11 08:05:24.375,7.50992,7.5114,2.93,3.00
2013.04.11 08:05:24.557,7.50992,7.51124,2.93,2.25
2013.04.11 08:05:25.057,7.50988,7.51124,1.95,2.25
2013.04.11 08:05:25.126,7.50988,7.51116,1.95,2.25
2013.04.11 08:05:26.204,7.50988,7.51091,1.95,3.00
2013.04.11 08:05:26.395,7.50988,7.51111,1.95,3.00
2013.04.11 08:05:33.488,7.51013,7.51111,2.48,3.00
2013.04.11 08:05:33.554,7.51013,7.51125,2.48,3.00
2013.04.11 08:05:33.677,7.51013,7.51125,2.48,1.50
2013.04.11 08:05:44.994,7.51021,7.51135,2.70,3.00
2013.04.11 08:05:45.054,7.51021,7.51155,2.70,1.50
2013.04.11 08:05:45.583,7.51021,7.51147,2.70,1.50
2013.04.11 08:05:45.995,7.51019,7.51147,2.85,1.50
2013.04.11 08:05:46.123,7.51019,7.51139,2.85,2.25
2013.04.11 08:05:55.325,7.51019,7.51115,2.85,1.50
2013.04.11 08:06:02.924,7.51019,7.51124,2.85,1.50
2013.04.11 08:06:03.103,7.50999,7.51113,2.25,1.50
2013.04.11 08:06:03.223,7.50999,7.51113,2.25,1.50
2013.04.11 08:06:03.343,7.50979,7.51113,2.55,1.50
2013.04.11 08:06:03.405,7.50955,7.51113,2.40,1.50
2013.04.11 08:06:04.125,7.50955,7.51105,2.40,1.50
2013.04.11 08:06:05.885,7.50955,7.51105,2.40,1.50
2013.04.11 08:06:06.193,7.50975,7.51105,2.85,1.50
2013.04.11 08:06:06.826,7.50975,7.51105,2.85,1.50
2013.04.11 08:06:07.273,7.50973,7.51103,1.50,1.50
2013.04.11 08:06:07.635,7.50955,7.51092,2.85,1.50
2013.04.11 08:06:08.424,7.50955,7.51081,2.85,1.50
2013.04.11 08:06:08.606,7.50928,7.51078,2.78,1.50
2013.04.11 08:06:08.868,7.50928,7.5106,2.78,1.50
2013.04.11 08:06:08.936,7.50912,7.51051,1.95,1.50
2013.04.11 08:06:09.004,7.50912,7.51042,1.95,1.50
2013.04.11 08:06:09.064,7.50901,7.51042,1.88,1.50
2013.04.11 08:06:09.183,7.50901,7.51041,1.88,2.25
2013.04.11 08:06:09.944,7.50893,7.51041,2.03,3.00
2013.04.11 08:06:10.223,7.50893,7.51017,2.03,1.50
2013.04.11 08:06:11.145,7.50893,7.51017,2.03,1.50
2013.04.11 08:06:11.694,7.50893,7.51017,2.03,1.50
2013.04.11 08:06:11.814,7.50886,7.51017,1.73,1.50
2013.04.11 08:06:13.175,7.50886,7.51009,1.73,1.50
2013.04.11 08:06:18.145,7.50888,7.51032,2.25,1.50
2013.04.11 08:06:18.385,7.50888,7.51053,2.25,3.00
2013.04.11 08:06:18.454,7.50927,7.51081,2.03,1.50
2013.04.11 08:06:18.634,7.50933,7.51082,2.93,1.50
2013.04.11 08:06:18.874,7.50939,7.51073,1.73,1.50
2013.04.11 08:06:19.350,7.50937,7.51066,1.88,1.50
2013.04.11 08:06:20.204,7.50937,7.51066,1.88,1.50
2013.04.11 08:06:21.156,7.50937,7.51066,1.88,1.50
2013.04.11 08:06:24.593,7.50937,7.51066,1.88,1.50
2013.04.11 08:06:24.958,7.50946,7.51069,2.63,1.50
2013.04.11 08:06:25.285,7.50961,7.51069,2.10,1.50
2013.04.11 08:06:25.404,7.50958,7.51072,1.50,1.50
2013.04.11 08:06:25.583,7.50963,7.51072,2.70,1.50
2013.04.11 08:06:26.014,7.50963,7.5108,2.70,1.50
2013.04.11 08:06:29.105,7.50978,7.5108,2.48,1.50
2013.04.11 08:06:29.174,7.50975,7.5108,2.10,1.50
2013.04.11 08:06:43.583,7.50819,7.51022,2.18,1.50
2013.04.11 08:06:43.703,7.50819,7.50998,2.18,2.25
2013.04.11 08:06:43.764,7.50819,7.50998,2.18,1.50
2013.04.11 08:06:43.824,7.50868,7.51016,1.50,2.25
2013.04.11 08:06:43.944,7.50868,7.51082,2.25,1.50
2013.04.11 08:06:44.314,7.50868,7.51082,2.25,1.50
2013.04.11 08:06:44.764,7.50888,7.51062,2.25,1.50
2013.04.11 08:06:45.794,7.50906,7.5107,1.50,1.50
2013.04.11 08:06:46.354,7.50906,7.5107,1.50,1.50
2013.04.11 08:06:46.713,7.50913,7.51073,2.70,1.50
2013.04.11 08:06:46.833,7.50914,7.51078,1.50,1.50
2013.04.11 08:06:48.115,7.50914,7.51078,1.50,1.50
2013.04.11 08:07:20.273,7.50914,7.5108,1.50,1.50
2013.04.11 08:07:21.117,7.50914,7.5108,1.50,1.50
2013.04.11 08:07:29.740,7.50888,7.51028,1.50,3.00
2013.04.11 08:07:29.874,7.50881,7.51028,1.50,3.00
2013.04.11 08:07:29.935,7.50917,7.51082,1.50,1.50
2013.04.11 08:07:31.073,7.50917,7.51072,1.50,1.50
2013.04.11 08:07:31.194,7.50878,7.51086,2.25,3.00
2013.04.11 08:07:31.254,7.50891,7.51102,3.00,1.50
2013.04.11 08:07:35.454,7.50915,7.51103,1.50,3.00
2013.04.11 08:07:35.583,7.50919,7.51103,1.50,1.50
2013.04.11 08:07:37.995,7.50937,7.51111,1.50,3.00
2013.04.11 08:07:38.123,7.50937,7.51123,2.25,1.50
2013.04.11 08:07:39.216,7.50938,7.51108,1.50,1.50
2013.04.11 08:07:40.453,7.50938,7.51122,1.50,1.50
2013.04.11 08:07:40.641,7.50958,7.51132,1.50,1.50
2013.04.11 08:07:40.839,7.50958,7.51132,2.25,1.50
2013.04.11 08:07:40.965,7.50958,7.51129,2.25,1.50
2013.04.11 08:07:41.084,7.50941,7.51123,1.50,1.50
2013.04.11 08:07:41.959,7.50937,7.51122,2.25,1.50
2013.04.11 08:07:42.084,7.50937,7.51114,2.25,1.50
2013.04.11 08:07:43.913,7.50937,7.51122,2.25,1.50
2013.04.11 08:07:44.044,7.50947,7.51123,2.25,1.50
2013.04.11 08:07:46.006,7.50947,7.51131,2.25,1.50
2013.04.11 08:07:51.094,7.50937,7.51122,2.25,1.50
2013.04.11 08:07:51.440,7.50937,7.51121,2.25,1.50
2013.04.11 08:07:52.354,7.50937,7.51121,2.25,1.50
2013.04.11 08:07:54.154,7.50937,7.51121,2.25,1.50
2013.04.11 08:07:58.085,7.50937,7.51115,1.50,1.50
2013.04.11 08:08:33.364,7.50937,7.51113,1.50,1.50
2013.04.11 08:08:33.544,7.50937,7.51112,1.50,1.50
2013.04.11 08:08:34.664,7.50937,7.51112,1.50,1.50
2013.04.11 08:08:51.674,7.5089,7.51112,2.25,1.50
2013.04.11 08:08:57.104,7.50907,7.51101,1.50,3.00
2013.04.11 08:08:58.926,7.50907,7.51077,1.50,1.50
2013.04.11 08:08:59.056,7.50888,7.51077,2.25,1.50
2013.04.11 08:08:59.124,7.50888,7.51073,1.50,1.50
2013.04.11 08:08:59.894,7.50888,7.51067,1.50,1.50
2013.04.11 08:09:00.278,7.50888,7.51063,1.50,1.50
2013.04.11 08:09:01.664,7.50888,7.51053,1.50,1.50
2013.04.11 08:09:15.556,7.50837,7.51058,2.25,2.25
2013.04.11 08:09:15.638,7.50837,7.51047,2.25,1.35
2013.04.11 08:09:15.885,7.50837,7.51022,1.50,2.25
2013.04.11 08:09:15.955,7.50797,7.51004,3.00,2.25
2013.04.11 08:09:16.334,7.50797,7.50997,2.25,2.25
2013.04.11 08:09:16.635,7.50797,7.50987,2.25,2.25
2013.04.11 08:09:17.956,7.50797,7.50987,1.50,3.00
2013.04.11 08:09:19.144,7.50797,7.50963,1.50,1.50
2013.04.11 08:09:28.577,7.50788,7.50979,2.25,3.00
2013.04.11 08:09:29.016,7.50788,7.50955,1.50,1.50
2013.04.11 08:09:29.985,7.50788,7.50963,1.50,1.50
2013.04.11 08:09:33.924,7.50788,7.50971,1.50,1.50
2013.04.11 08:09:34.044,7.50748,7.50971,2.25,1.50
2013.04.11 08:09:34.105,7.50747,7.50948,2.25,1.50
2013.04.11 08:09:34.345,7.50727,7.50934,1.09,1.50
2013.04.11 08:09:34.405,7.50727,7.50934,1.09,3.00
2013.04.11 08:09:34.714,7.50719,7.50926,1.09,3.00
2013.04.11 08:09:35.345,7.50719,7.50902,1.09,1.50
2013.04.11 08:09:35.704,7.50718,7.5089,4.09,2.25
2013.04.11 08:09:36.316,7.50718,7.50882,1.31,1.50
2013.04.11 08:09:36.673,7.50717,7.50862,1.03,4.13
2013.04.11 08:09:36.974,7.50718,7.50831,1.08,1.50
2013.04.11 08:09:37.214,7.50587,7.50787,2.25,2.18
2013.04.11 08:09:37.274,7.5057,7.50732,3.00,1.50
2013.04.11 08:09:37.454,7.50484,7.50691,2.85,1.50
2013.04.11 08:09:37.514,7.50484,7.50691,2.85,3.00
2013.04.11 08:09:37.635,7.50468,7.50683,2.25,3.00
2013.04.11 08:09:37.754,7.50468,7.50683,2.25,3.00
2013.04.11 08:09:38.004,7.50468,7.50674,1.50,1.50
2013.04.11 08:09:38.184,7.50468,7.50674,2.25,1.50
2013.04.11 08:09:38.495,7.50488,7.50667,2.25,3.00
2013.04.11 08:09:39.855,7.50488,7.50674,3.00,2.25
2013.04.11 08:09:39.973,7.50488,7.50674,3.00,2.25
2013.04.11 08:09:41.195,7.50488,7.50674,3.00,2.25
2013.04.11 08:09:41.488,7.50632,7.50867,2.25,1.50
2013.04.11 08:09:42.185,7.50642,7.50867,3.00,1.50
2013.04.11 08:09:43.425,7.50658,7.50847,1.50,2.25
2013.04.11 08:09:50.467,7.50698,7.50853,1.50,1.50
2013.04.11 08:09:50.776,7.50757,7.50898,1.50,1.50
2013.04.11 08:09:51.094,7.50757,7.50922,1.50,3.00
2013.04.11 08:09:52.362,7.50757,7.50914,1.50,3.00
2013.04.11 08:09:52.785,7.50757,7.50933,1.50,2.25
2013.04.11 08:09:59.365,7.50757,7.50944,1.50,2.25
2013.04.11 08:09:59.545,7.50757,7.50951,2.25,3.00
2013.04.11 08:10:00.905,7.50757,7.50951,2.25,1.50
2013.04.11 08:10:02.584,7.50757,7.50967,2.25,3.00
2013.04.11 08:10:04.104,7.50777,7.50978,1.50,3.00
2013.04.11 08:10:18.204,7.50788,7.50978,1.50,3.00
2013.04.11 08:10:18.414,7.50796,7.50985,1.50,1.50
2013.04.11 08:10:30.534,7.50798,7.50985,1.50,1.50
2013.04.11 08:10:32.754,7.50804,7.50985,1.50,1.50
2013.04.11 08:10:33.844,7.50804,7.50994,1.50,3.00
2013.04.11 08:10:34.145,7.50809,7.50994,1.50,1.50
2013.04.11 08:10:39.468,7.50816,7.51004,1.50,3.00
2013.04.11 08:10:39.617,7.50824,7.51004,1.50,1.50
2013.04.11 08:10:40.147,7.50815,7.51012,1.50,2.25
2013.04.11 08:10:49.025,7.50815,7.5102,1.50,2.25
2013.04.11 08:10:49.597,7.50832,7.5102,1.50,2.25
2013.04.11 08:10:49.905,7.50824,7.51012,1.50,2.25
2013.04.11 08:10:50.455,7.50824,7.51012,1.50,2.25
2013.04.11 08:10:50.906,7.50825,7.51012,1.80,2.25
2013.04.11 08:10:51.036,7.50831,7.51013,1.50,1.50
2013.04.11 08:10:56.394,7.50835,7.51028,1.50,2.25
2013.04.11 08:10:59.378,7.5084,7.51028,1.50,2.25
2013.04.11 08:11:04.779,7.50835,7.51028,1.50,2.25
2013.04.11 08:11:04.906,7.50835,7.51038,1.50,2.25
2013.04.11 08:11:06.455,7.5085,7.51038,1.50,2.25
2013.04.11 08:11:08.818,7.50857,7.51042,1.50,2.25
2013.04.11 08:11:13.688,7.5084,7.51035,1.50,3.00
2013.04.11 08:11:14.294,7.50828,7.51021,2.25,2.25
2013.04.11 08:11:14.595,7.50828,7.5101,1.50,3.00
2013.04.11 08:11:14.655,7.50837,7.51022,2.25,1.88
2013.04.11 08:11:14.774,7.50837,7.51032,2.25,2.63
2013.04.11 08:11:15.960,7.50845,7.51032,2.25,1.88
2013.04.11 08:11:16.485,7.50845,7.51032,3.00,2.63
2013.04.11 08:11:16.606,7.50845,7.51022,1.50,1.50
2013.04.11 08:11:20.844,7.50837,7.51043,3.00,2.63
2013.04.11 08:11:23.393,7.50844,7.51049,2.25,1.50
2013.04.11 08:11:25.018,7.5083,7.51042,2.25,2.25
2013.04.11 08:11:40.144,7.50828,7.51034,2.25,2.25
2013.04.11 08:11:40.703,7.50828,7.50993,2.25,1.88
2013.04.11 08:11:40.885,7.50828,7.50993,1.50,2.63
2013.04.11 08:11:40.946,7.50802,7.51002,1.50,4.13
2013.04.11 08:11:41.076,7.50789,7.51001,3.00,3.00
2013.04.11 08:11:41.436,7.5078,7.50992,2.25,2.25
2013.04.11 08:11:41.626,7.50787,7.50983,1.50,3.00
2013.04.11 08:11:42.106,7.50787,7.5099,1.50,3.00
2013.04.11 08:11:44.502,7.50805,7.51002,3.00,4.13
2013.04.11 08:11:47.894,7.50798,7.51002,1.50,4.13
2013.04.11 08:11:54.545,7.50783,7.50995,1.50,1.50
2013.04.11 08:12:05.344,7.50783,7.50987,1.50,2.25
2013.04.11 08:12:25.736,7.50778,7.50987,1.50,1.50
2013.04.11 08:12:41.254,7.50782,7.50987,2.25,1.50
2013.04.11 08:12:43.945,7.50797,7.50993,1.50,1.50
2013.04.11 08:12:49.867,7.50814,7.51003,1.50,1.50
2013.04.11 08:12:56.816,7.50797,7.51003,1.50,1.50
2013.04.11 08:12:57.126,7.50811,7.51023,2.25,3.00
2013.04.11 08:13:00.896,7.50838,7.51042,1.50,3.00
2013.04.11 08:13:01.207,7.50841,7.51047,1.50,1.35
2013.04.11 08:13:01.403,7.50879,7.51092,3.00,1.50
2013.04.11 08:13:01.645,7.50877,7.51082,2.25,3.38
2013.04.11 08:13:02.415,7.5087,7.51059,1.50,1.50
2013.04.11 08:13:02.725,7.50878,7.51073,2.25,1.50
2013.04.11 08:13:02.846,7.50879,7.51073,3.00,1.50
2013.04.11 08:13:03.228,7.50879,7.51067,3.00,1.50
2013.04.11 08:13:03.718,7.50879,7.51072,3.00,1.50
2013.04.11 08:13:09.676,7.50879,7.51067,3.00,1.50
2013.04.11 08:13:10.714,7.50879,7.51067,3.00,1.50
2013.04.11 08:13:11.425,7.50878,7.5106,2.25,1.50
2013.04.11 08:13:11.503,7.50878,7.51063,2.25,1.50
2013.04.11 08:13:11.727,7.50878,7.5106,2.25,1.50
2013.04.11 08:13:14.275,7.50879,7.51067,3.00,1.50
2013.04.11 08:13:15.108,7.50879,7.51072,3.00,1.50
2013.04.11 08:13:17.198,7.50879,7.51067,3.00,1.50
2013.04.11 08:13:17.638,7.50879,7.51073,3.00,1.50
2013.04.11 08:13:18.122,7.50879,7.51067,3.00,1.50
2013.04.11 08:13:21.156,7.50879,7.51091,3.00,3.00
2013.04.11 08:13:21.276,7.50878,7.51032,2.25,1.88
2013.04.11 08:13:21.635,7.50838,7.51032,1.50,2.63
2013.04.11 08:13:22.862,7.50818,7.51032,3.75,5.63
2013.04.11 08:13:23.195,7.50877,7.51032,1.50,4.88
2013.04.11 08:13:23.375,7.50878,7.5104,1.88,3.00
2013.04.11 08:13:23.435,7.50878,7.51082,2.63,2.50
2013.04.11 08:13:23.555,7.50917,7.51107,2.63,1.60
2013.04.11 08:13:23.615,7.50937,7.51107,1.50,1.35
2013.04.11 08:13:23.737,7.50946,7.51113,1.50,2.25
2013.04.11 08:13:24.045,7.50975,7.51163,2.25,1.50
2013.04.11 08:13:24.455,7.50995,7.51163,1.50,1.50
2013.04.11 08:13:24.516,7.50995,7.51183,3.00,2.63
2013.04.11 08:13:24.636,7.51019,7.51185,1.50,1.50
2013.04.11 08:13:24.695,7.51037,7.5121,2.63,1.50
2013.04.11 08:13:25.041,7.51057,7.51245,3.00,1.50
2013.04.11 08:13:25.408,7.51057,7.51245,3.00,1.50
2013.04.11 08:13:25.596,7.51076,7.51264,3.00,1.50
2013.04.11 08:13:25.844,7.51076,7.51264,3.00,1.50
2013.04.11 08:13:26.087,7.51064,7.51254,3.00,1.50
2013.04.11 08:13:26.218,7.51127,7.51278,3.38,3.00
2013.04.11 08:13:26.466,7.51138,7.51312,2.63,1.50
2013.04.11 08:13:26.775,7.51139,7.51327,2.25,1.50
2013.04.11 08:13:27.077,7.51139,7.51327,2.25,1.50
2013.04.11 08:13:27.385,7.51139,7.51327,2.25,1.50
2013.04.11 08:13:28.427,7.51139,7.51327,2.25,1.50
2013.04.11 08:13:28.628,7.51139,7.51333,2.25,3.38
2013.04.11 08:13:28.816,7.51138,7.51333,1.50,3.38
2013.04.11 08:13:28.876,7.51129,7.51303,1.50,1.50
2013.04.11 08:13:29.008,7.51129,7.51303,1.50,2.25
2013.04.11 08:13:29.439,7.5111,7.51303,1.50,2.25
2013.04.11 08:13:31.367,7.5112,7.51303,2.25,1.50
2013.04.11 08:13:32.775,7.51137,7.51332,2.63,2.25
2013.04.11 08:13:32.835,7.51137,7.5134,2.63,3.00
2013.04.11 08:13:33.016,7.5114,7.5134,2.25,1.50
2013.04.11 08:13:33.545,7.51128,7.5134,2.25,2.25
2013.04.11 08:13:37.907,7.51128,7.51242,2.25,1.88
2013.04.11 08:13:37.975,7.51118,7.51242,2.25,1.88
2013.04.11 08:13:38.036,7.51118,7.51243,1.50,2.63
2013.04.11 08:13:38.106,7.51078,7.51243,1.50,3.38
2013.04.11 08:13:38.176,7.51073,7.51236,1.50,3.00
2013.04.11 08:13:38.247,7.51076,7.51243,2.25,1.88
2013.04.11 08:13:38.316,7.51138,7.51253,2.63,1.50
2013.04.11 08:13:38.376,7.51138,7.51359,2.63,1.50
2013.04.11 08:13:38.514,7.51149,7.51373,3.00,1.50
2013.04.11 08:13:38.898,7.51138,7.51367,2.63,1.50
2013.04.11 08:13:39.225,7.51144,7.51353,1.50,1.50
2013.04.11 08:13:39.737,7.51144,7.51333,1.50,1.50
2013.04.11 08:13:40.229,7.51138,7.51326,1.88,3.00
2013.04.11 08:13:48.556,7.51138,7.51344,2.63,3.00
2013.04.11 08:14:10.124,7.51127,7.51335,4.13,3.00
2013.04.11 08:14:14.177,7.51127,7.51311,2.25,1.50
2013.04.11 08:14:15.535,7.51127,7.51303,2.25,1.50
2013.04.11 08:14:20.276,7.51137,7.51332,2.63,1.50
2013.04.11 08:14:36.196,7.51137,7.51309,2.63,1.50
2013.04.11 08:14:38.186,7.51145,7.51309,1.50,1.50
2013.04.11 08:14:38.643,7.51147,7.51336,1.50,1.50
2013.04.11 08:14:38.947,7.51147,7.51336,1.50,1.50
2013.04.11 08:14:42.136,7.51147,7.51336,1.50,1.50
2013.04.11 08:14:43.014,7.51142,7.51308,1.50,1.50
2013.04.11 08:14:43.075,7.51119,7.51308,1.50,1.50
2013.04.11 08:14:43.135,7.51119,7.51331,1.50,1.50
2013.04.11 08:14:43.195,7.51118,7.51243,2.25,1.88
2013.04.11 08:14:43.256,7.51086,7.51243,2.25,1.88
2013.04.11 08:14:43.314,7.51086,7.51243,2.25,2.63
2013.04.11 08:14:43.436,7.51067,7.51231,1.50,3.00
2013.04.11 08:14:43.496,7.51067,7.5124,1.50,3.00
2013.04.11 08:14:43.557,7.51067,7.51228,1.50,3.00
2013.04.11 08:14:44.345,7.51067,7.5117,1.50,2.10
2013.04.11 08:14:44.525,7.51053,7.51143,1.50,1.88
2013.04.11 08:14:44.885,7.51049,7.51175,2.25,2.25
2013.04.11 08:14:44.945,7.51049,7.51196,2.25,3.00
2013.04.11 08:14:45.724,7.50985,7.51152,1.50,1.50
2013.04.11 08:14:45.784,7.50938,7.51152,3.53,2.10
2013.04.11 08:14:45.845,7.50927,7.51143,1.50,2.63
2013.04.11 08:14:45.965,7.50928,7.51136,1.50,1.50
2013.04.11 08:14:47.390,7.50927,7.51129,1.50,3.00
2013.04.11 08:14:48.555,7.50928,7.51118,1.50,2.25
2013.04.11 08:14:59.846,7.5092,7.51132,1.50,1.50
2013.04.11 08:15:00.175,7.50912,7.51124,2.25,2.25
2013.04.11 08:15:01.124,7.50908,7.51116,2.25,3.00
2013.04.11 08:15:21.515,7.50908,7.51113,2.25,1.50
2013.04.11 08:15:32.106,7.50948,7.5113,1.50,3.00
2013.04.11 08:15:32.165,7.50948,7.51142,2.25,1.50
2013.04.11 08:15:32.375,7.50948,7.51142,2.25,1.50
2013.04.11 08:15:52.548,7.50948,7.51142,3.00,1.50
2013.04.11 08:15:58.896,7.50968,7.5116,1.50,1.50
2013.04.11 08:15:59.903,7.5098,7.51162,1.50,1.50
2013.04.11 08:15:59.980,7.51001,7.51192,1.50,1.50
2013.04.11 08:16:10.885,7.51001,7.51182,1.50,1.50
2013.04.11 08:16:11.244,7.50971,7.51161,1.50,3.00
2013.04.11 08:16:11.305,7.50947,7.51161,3.00,3.00
2013.04.11 08:16:11.546,7.50947,7.51122,1.50,1.50
2013.04.11 08:16:11.677,7.50908,7.51113,1.50,2.63
2013.04.11 08:16:12.137,7.50919,7.51108,1.50,1.50
2013.04.11 08:16:13.175,7.5094,7.51122,2.25,2.25
2013.04.11 08:16:13.235,7.50958,7.51122,1.50,1.50
2013.04.11 08:16:13.354,7.5097,7.512,1.50,1.50
2013.04.11 08:16:13.414,7.51018,7.512,2.25,1.50
2013.04.11 08:16:13.776,7.51038,7.51209,1.50,1.35
2013.04.11 08:16:14.075,7.51128,7.51302,1.88,1.75
2013.04.11 08:16:14.135,7.51182,7.51325,2.25,1.50
2013.04.11 08:16:14.375,7.51187,7.51385,1.88,1.50
2013.04.11 08:16:14.495,7.51187,7.51385,1.88,1.50
2013.04.11 08:16:14.555,7.51236,7.51422,3.00,2.25
2013.04.11 08:16:14.915,7.51252,7.51424,1.50,1.35
2013.04.11 08:16:15.156,7.51252,7.51424,1.50,1.35
2013.04.11 08:16:15.514,7.5122,7.51408,3.00,1.50
2013.04.11 08:16:15.575,7.51238,7.51424,3.00,1.35
2013.04.11 08:16:15.694,7.51238,7.51424,3.00,1.35
2013.04.11 08:16:18.146,7.51238,7.51424,3.00,1.35
2013.04.11 08:16:19.136,7.51246,7.51424,3.00,1.35
2013.04.11 08:16:23.245,7.51234,7.51424,3.00,2.10
2013.04.11 08:16:27.815,7.51234,7.51424,3.00,2.10
2013.04.11 08:16:27.875,7.51234,7.51424,3.00,2.10
2013.04.11 08:16:28.055,7.51234,7.51411,3.00,1.50
2013.04.11 08:16:28.117,7.51234,7.51404,1.50,1.50
2013.04.11 08:16:28.247,7.51217,7.51412,2.25,2.63
2013.04.11 08:16:28.376,7.51207,7.51372,1.50,1.50
2013.04.11 08:16:28.686,7.51206,7.51353,2.25,1.88
2013.04.11 08:16:29.132,7.51183,7.51353,3.00,1.88
2013.04.11 08:16:29.317,7.51157,7.51345,1.50,3.00
2013.04.11 08:16:30.506,7.51125,7.51335,1.50,1.35
2013.04.11 08:16:30.566,7.51125,7.51292,1.50,1.50
2013.04.11 08:16:30.687,7.51114,7.51292,1.50,2.25
2013.04.11 08:16:30.876,7.51107,7.51292,2.93,2.25
2013.04.11 08:16:31.289,7.51107,7.51287,2.93,2.25
2013.04.11 08:16:32.166,7.51102,7.51286,2.03,1.50
2013.04.11 08:16:32.248,7.51099,7.51287,2.03,1.50
2013.04.11 08:16:33.046,7.51098,7.51287,1.50,1.50
2013.04.11 08:16:33.331,7.51098,7.51287,1.50,1.50
2013.04.11 08:16:34.047,7.51104,7.51292,3.75,2.25
2013.04.11 08:16:35.015,7.51113,7.51292,3.00,1.50
2013.04.11 08:16:35.577,7.51121,7.51327,1.50,2.25
2013.04.11 08:16:35.652,7.51136,7.51338,2.25,1.35
2013.04.11 08:16:36.026,7.51149,7.51339,3.00,1.35
2013.04.11 08:16:38.497,7.51171,7.51352,1.50,2.25
2013.04.11 08:16:38.567,7.51171,7.51352,2.25,1.50
2013.04.11 08:16:38.636,7.51169,7.51352,2.25,1.50
2013.04.11 08:16:38.997,7.51183,7.51352,1.50,1.50
2013.04.11 08:16:39.357,7.51196,7.51352,3.00,1.50
2013.04.11 08:16:39.995,7.51196,7.51393,3.00,2.63
2013.04.11 08:16:40.179,7.51223,7.51413,3.00,3.38
2013.04.11 08:16:41.413,7.51214,7.51402,2.25,1.50
2013.04.11 08:16:42.176,7.51214,7.51402,2.25,1.50
2013.04.11 08:16:43.128,7.51214,7.51402,2.25,1.50
2013.04.11 08:16:43.347,7.51214,7.51402,2.25,1.50
2013.04.11 08:16:43.657,7.51214,7.51402,2.25,1.50
2013.04.11 08:16:43.716,7.51214,7.51402,2.25,3.38
2013.04.11 08:16:43.907,7.51214,7.51402,2.25,3.38
2013.04.11 08:16:44.035,7.51194,7.51392,2.25,1.50
2013.04.11 08:16:44.166,7.51194,7.51382,2.25,1.50
2013.04.11 08:16:44.596,7.51194,7.51393,2.25,1.50
2013.04.11 08:16:44.719,7.51185,7.51372,3.00,1.88
2013.04.11 08:16:44.905,7.51177,7.51372,2.25,2.63
2013.04.11 08:16:45.147,7.51268,7.51372,1.64,2.63
2013.04.11 08:16:45.457,7.51337,7.51423,2.63,1.50
2013.04.11 08:16:45.524,7.51337,7.51522,2.63,1.50
2013.04.11 08:16:45.673,7.51332,7.51512,3.00,2.63
2013.04.11 08:16:45.743,7.51332,7.51489,3.00,2.25
2013.04.11 08:16:46.066,7.51307,7.51489,2.25,2.25
2013.04.11 08:16:46.657,7.51307,7.51452,2.25,1.88
2013.04.11 08:16:46.786,7.51298,7.51452,3.00,1.88
2013.04.11 08:16:46.845,7.51281,7.51452,1.50,1.88
2013.04.11 08:16:46.905,7.51281,7.51443,1.50,1.50
2013.04.11 08:16:46.967,7.51246,7.51443,1.50,2.25
2013.04.11 08:16:47.515,7.51252,7.51453,1.50,2.63
2013.04.11 08:16:47.825,7.51272,7.51484,3.00,3.00
2013.04.11 08:16:48.126,7.51367,7.51513,1.88,1.50
2013.04.11 08:16:48.435,7.5136,7.5155,3.00,1.50
2013.04.11 08:16:48.496,7.51358,7.51537,2.63,1.50
2013.04.11 08:16:49.195,7.51358,7.51537,2.63,1.50
2013.04.11 08:16:50.534,7.51358,7.51537,2.63,1.50
2013.04.11 08:16:51.146,7.51358,7.51537,2.63,1.50
2013.04.11 08:16:53.937,7.51377,7.5153,1.88,1.50
2013.04.11 08:16:54.005,7.51377,7.51545,2.63,1.50
2013.04.11 08:16:55.036,7.51377,7.51553,2.63,1.50
2013.04.11 08:16:59.025,7.51377,7.51562,2.63,1.50
2013.04.11 08:16:59.205,7.51377,7.51562,2.63,1.50
2013.04.11 08:17:04.646,7.51377,7.51562,2.63,1.50
2013.04.11 08:17:04.897,7.51377,7.51562,2.63,1.50
2013.04.11 08:17:04.966,7.51377,7.51518,2.63,1.50
2013.04.11 08:17:05.386,7.51355,7.51512,3.00,1.50
2013.04.11 08:17:05.607,7.51348,7.51512,2.63,1.50
2013.04.11 08:17:05.976,7.51348,7.51498,2.63,1.50
2013.04.11 08:17:06.334,7.5133,7.51492,3.75,1.50
2013.04.11 08:17:07.746,7.5133,7.5152,3.00,1.50
2013.04.11 08:17:07.807,7.51327,7.51513,1.50,1.50
2013.04.11 08:17:07.875,7.51321,7.51513,1.35,1.50
2013.04.11 08:17:07.937,7.51378,7.51513,1.88,1.50
2013.04.11 08:17:08.005,7.51378,7.5153,1.88,3.00
2013.04.11 08:17:08.125,7.51378,7.51543,1.88,1.50
2013.04.11 08:17:08.185,7.51378,7.51543,1.88,1.50
2013.04.11 08:17:08.937,7.51378,7.51553,1.88,1.50
2013.04.11 08:17:09.445,7.51367,7.51567,2.25,3.00
2013.04.11 08:17:09.928,7.51367,7.51543,2.25,1.50
2013.04.11 08:17:10.185,7.51367,7.51562,2.25,1.50
2013.04.11 08:17:10.786,7.51367,7.51572,2.25,1.50
2013.04.11 08:17:12.126,7.51367,7.5155,2.25,1.50
2013.04.11 08:17:12.688,7.51367,7.5155,2.25,1.50
2013.04.11 08:17:12.907,7.51367,7.5155,2.25,1.50
2013.04.11 08:17:17.365,7.51367,7.51542,2.25,1.50
2013.04.11 08:17:17.485,7.51367,7.51542,2.25,1.50
2013.04.11 08:17:18.466,7.51367,7.51553,2.25,1.50
2013.04.11 08:17:19.195,7.51367,7.51542,2.25,1.50
2013.04.11 08:17:20.157,7.51367,7.51542,2.25,1.50
2013.04.11 08:17:22.466,7.51367,7.51522,1.50,1.35
2013.04.11 08:17:22.526,7.51367,7.51483,1.50,1.88
2013.04.11 08:17:22.705,7.51282,7.51462,2.25,1.88
2013.04.11 08:17:22.888,7.51263,7.51462,2.25,2.63
2013.04.11 08:17:23.445,7.5131,7.51462,3.00,2.63
2013.04.11 08:17:24.317,7.5133,7.51512,1.50,2.25
2013.04.11 08:17:24.394,7.5133,7.51502,1.50,2.63
2013.04.11 08:17:25.139,7.5133,7.51502,1.50,2.63
2013.04.11 08:17:25.465,7.51335,7.51502,1.50,2.63
2013.04.11 08:17:25.525,7.51335,7.51452,1.50,1.88
2013.04.11 08:17:25.586,7.51298,7.51452,3.00,1.88
2013.04.11 08:17:25.646,7.51298,7.51452,3.00,2.63
2013.04.11 08:17:25.947,7.51304,7.51492,2.25,1.50
2013.04.11 08:17:27.228,7.51304,7.51492,2.25,1.50
2013.04.11 08:17:27.498,7.51328,7.51492,1.50,1.50
2013.04.11 08:17:27.567,7.51328,7.51492,1.50,1.50
2013.04.11 08:17:27.996,7.51305,7.51472,1.50,1.50
2013.04.11 08:17:28.116,7.51308,7.51495,2.25,1.50
2013.04.11 08:17:28.887,7.51308,7.51496,2.25,1.50
2013.04.11 08:17:29.146,7.51308,7.51496,2.25,1.50
2013.04.11 08:17:29.328,7.51308,7.51496,2.25,1.50
2013.04.11 08:17:29.396,7.51308,7.51496,2.25,1.50
2013.04.11 08:17:30.316,7.51308,7.51496,2.25,1.50
2013.04.11 08:17:30.916,7.51308,7.51496,2.25,1.50
2013.04.11 08:17:31.165,7.51308,7.51496,2.25,1.50
2013.04.11 08:17:33.120,7.51308,7.51496,2.25,1.50
2013.04.11 08:17:33.677,7.51308,7.51496,2.25,1.50
2013.04.11 08:17:33.746,7.51293,7.51482,1.50,1.50
2013.04.11 08:17:35.245,7.51293,7.51482,1.50,1.50
2013.04.11 08:17:36.167,7.51285,7.51473,3.00,1.50
2013.04.11 08:17:36.805,7.51285,7.51473,3.00,1.50
2013.04.11 08:17:38.235,7.51285,7.51473,3.00,1.50
2013.04.11 08:17:43.696,7.51285,7.51455,1.50,1.50
2013.04.11 08:17:43.757,7.51288,7.51478,2.25,1.50
2013.04.11 08:17:44.116,7.51288,7.51478,3.00,1.50
2013.04.11 08:17:45.273,7.51288,7.51478,3.00,1.50
2013.04.11 08:17:52.924,7.51288,7.51478,3.00,1.50
2013.04.11 08:17:53.045,7.51289,7.51456,1.50,1.50
2013.04.11 08:17:53.106,7.51289,7.51478,1.50,1.50
2013.04.11 08:18:02.385,7.51289,7.51483,1.50,1.50
2013.04.11 08:18:02.445,7.51308,7.51498,2.25,1.50
2013.04.11 08:18:02.924,7.51328,7.51505,1.50,1.50
2013.04.11 08:18:03.455,7.51328,7.51505,1.50,1.50
2013.04.11 08:18:04.138,7.51328,7.51505,1.50,1.50
2013.04.11 08:18:05.877,7.51328,7.51505,1.50,1.50
2013.04.11 08:18:06.006,7.51317,7.51505,2.25,1.50
2013.04.11 08:18:06.075,7.51313,7.515,2.25,1.50
2013.04.11 08:18:06.196,7.51313,7.51507,2.25,1.50
2013.04.11 08:18:06.255,7.51329,7.51472,1.50,1.88
2013.04.11 08:18:06.374,7.51294,7.51472,1.50,1.88
2013.04.11 08:18:06.555,7.51278,7.51472,1.50,2.63
2013.04.11 08:18:06.795,7.51287,7.51482,2.25,1.50
2013.04.11 08:18:06.915,7.5129,7.51482,2.25,1.50
2013.04.11 08:18:07.217,7.51317,7.51505,2.63,1.50
2013.04.11 08:18:07.405,7.51324,7.51512,3.00,1.50
2013.04.11 08:18:07.645,7.51331,7.51521,3.00,1.50
2013.04.11 08:18:08.645,7.51333,7.51523,3.00,1.50
2013.04.11 08:18:09.854,7.51335,7.51524,1.50,1.50
2013.04.11 08:18:09.997,7.51336,7.51502,2.25,2.63
2013.04.11 08:18:10.066,7.51327,7.51502,2.25,2.63
2013.04.11 08:18:10.127,7.51295,7.51483,3.00,2.63
2013.04.11 08:18:10.316,7.51277,7.51483,2.25,2.63
2013.04.11 08:18:11.336,7.51269,7.51472,2.25,2.63
2013.04.11 08:18:12.162,7.51269,7.51452,2.25,1.50
2013.04.11 08:18:12.346,7.51241,7.51443,3.00,2.63
2013.04.11 08:18:13.165,7.51241,7.51383,3.00,1.50
2013.04.11 08:18:13.406,7.5121,7.51373,1.50,1.88
2013.04.11 08:18:13.475,7.51208,7.51373,2.33,2.63
2013.04.11 08:18:13.655,7.51206,7.51373,2.85,2.63
2013.04.11 08:18:13.955,7.51203,7.51373,1.73,2.63
2013.04.11 08:18:14.246,7.51226,7.51383,1.50,3.38
2013.04.11 08:18:14.605,7.51238,7.51383,3.00,3.38
2013.04.11 08:18:15.025,7.51238,7.51392,3.00,1.88
2013.04.11 08:18:15.086,7.51238,7.51444,4.88,1.50
2013.04.11 08:18:15.206,7.5126,7.51444,1.50,1.50
2013.04.11 08:18:15.326,7.51281,7.51444,2.25,1.50
2013.04.11 08:18:15.685,7.51324,7.51448,3.00,2.25
2013.04.11 08:18:16.011,7.51333,7.51448,3.00,2.25
2013.04.11 08:18:16.289,7.51312,7.51448,3.00,2.25
2013.04.11 08:18:16.416,7.51312,7.51448,3.00,1.50
2013.04.11 08:18:16.996,7.51317,7.51448,2.25,1.50
2013.04.11 08:18:17.246,7.5134,7.51502,1.50,2.85
2013.04.11 08:18:17.306,7.51317,7.51502,1.50,2.85
2013.04.11 08:18:19.175,7.51317,7.51502,1.50,2.85
2013.04.11 08:18:19.356,7.51338,7.51513,1.50,2.63
2013.04.11 08:18:20.206,7.51337,7.51522,3.00,2.25
2013.04.11 08:18:20.267,7.51345,7.51522,2.25,2.25
2013.04.11 08:18:20.575,7.51362,7.51513,1.50,2.63
2013.04.11 08:18:20.936,7.51367,7.51512,1.50,1.88
2013.04.11 08:18:21.055,7.51363,7.51512,1.50,1.88
2013.04.11 08:18:21.116,7.51363,7.51512,1.50,2.63
2013.04.11 08:18:21.295,7.51317,7.51462,2.25,1.88
2013.04.11 08:18:21.356,7.513,7.51462,1.50,1.88
2013.04.11 08:18:21.655,7.51274,7.51462,3.00,3.98
2013.04.11 08:18:21.957,7.51237,7.51392,3.00,1.88
2013.04.11 08:18:22.076,7.51237,7.51392,1.50,1.88
2013.04.11 08:18:22.316,7.51221,7.51392,1.50,1.88
2013.04.11 08:18:24.385,7.51197,7.51392,2.25,2.63
2013.04.11 08:18:25.339,7.51218,7.51405,1.88,3.00
2013.04.11 08:18:25.546,7.51238,7.51405,2.63,2.25
2013.04.11 08:18:25.605,7.51238,7.51422,2.63,1.50
2013.04.11 08:18:25.666,7.51258,7.51423,1.88,2.25
2013.04.11 08:18:25.736,7.51258,7.51462,2.63,1.50
2013.04.11 08:18:25.797,7.51263,7.51462,2.25,1.50
2013.04.11 08:18:26.105,7.51275,7.51463,2.25,1.50
2013.04.11 08:18:27.219,7.51277,7.51465,2.25,1.50
2013.04.11 08:18:27.608,7.51294,7.51482,2.25,3.38
2013.04.11 08:18:27.736,7.51278,7.51467,1.50,1.50
2013.04.11 08:18:27.986,7.51278,7.51473,1.50,1.50
2013.04.11 08:18:28.116,7.51286,7.51474,2.25,1.50
2013.04.11 08:18:28.870,7.51286,7.51474,2.25,1.50
2013.04.11 08:18:29.158,7.51286,7.51474,2.25,1.50
2013.04.11 08:18:31.485,7.51294,7.51483,1.50,1.50
2013.04.11 08:18:33.039,7.51315,7.51492,1.50,2.25
2013.04.11 08:18:33.108,7.51295,7.51484,1.50,1.50
2013.04.11 08:18:33.297,7.51295,7.51482,1.50,1.50
2013.04.11 08:18:33.427,7.51293,7.51482,1.50,1.50
2013.04.11 08:18:33.707,7.51293,7.51483,1.50,1.50
2013.04.11 08:18:34.927,7.51293,7.51482,1.50,1.50
2013.04.11 08:18:35.558,7.51293,7.51482,1.50,1.50
2013.04.11 08:18:36.860,7.51293,7.51482,1.50,1.50
2013.04.11 08:18:37.078,7.51378,7.51562,2.63,1.50
2013.04.11 08:18:37.278,7.51387,7.5157,2.63,1.50
2013.04.11 08:18:37.586,7.51427,7.51615,3.00,1.50
2013.04.11 08:18:37.917,7.51435,7.51623,3.00,1.50
2013.04.11 08:18:38.365,7.51435,7.51623,3.00,1.50
2013.04.11 08:18:38.426,7.51458,7.51632,2.63,1.50
2013.04.11 08:18:38.735,7.51458,7.5164,2.63,1.50
2013.04.11 08:18:39.106,7.51453,7.51641,3.00,1.50
2013.04.11 08:18:39.605,7.51461,7.51651,2.25,1.50
2013.04.11 08:18:41.106,7.51462,7.51602,1.50,2.01
2013.04.11 08:18:41.346,7.51376,7.51564,2.25,1.50
2013.04.11 08:18:41.585,7.51376,7.51552,2.25,1.88
2013.04.11 08:18:41.767,7.51375,7.51552,1.50,1.88
2013.04.11 08:18:41.895,7.51366,7.51552,1.50,2.63
2013.04.11 08:18:42.316,7.51349,7.51537,2.25,1.50
2013.04.11 08:18:42.378,7.51349,7.51561,2.25,2.25
2013.04.11 08:18:42.508,7.51349,7.51533,2.25,1.88
2013.04.11 08:18:42.636,7.51338,7.51533,2.25,4.13
2013.04.11 08:18:42.757,7.51338,7.51533,2.25,2.63
2013.04.11 08:18:44.203,7.51338,7.51518,2.25,1.50
2013.04.11 08:18:45.117,7.51338,7.51518,2.25,1.50
2013.04.11 08:18:47.877,7.51338,7.51523,2.25,1.50
2013.04.11 08:18:48.138,7.51338,7.51492,2.25,1.88
2013.04.11 08:18:48.326,7.51319,7.51492,1.50,4.13
2013.04.11 08:18:48.386,7.51295,7.51492,3.00,4.13
2013.04.11 08:18:48.446,7.51295,7.51492,1.50,4.13
2013.04.11 08:18:48.756,7.51315,7.51492,2.25,3.38
2013.04.11 08:18:49.597,7.51314,7.51472,1.50,1.88
2013.04.11 08:18:49.966,7.51297,7.51472,1.50,1.88
2013.04.11 08:18:50.027,7.51288,7.51462,2.25,1.88
2013.04.11 08:18:50.336,7.51287,7.51443,1.50,1.88
2013.04.11 08:18:50.396,7.51287,7.51443,1.50,1.88
2013.04.11 08:18:51.305,7.51259,7.51432,3.00,1.88
2013.04.11 08:18:51.459,7.51259,7.51443,3.00,1.88
2013.04.11 08:18:52.726,7.51259,7.51433,3.00,1.88
2013.04.11 08:18:53.165,7.51259,7.51432,1.50,1.50
2013.04.11 08:18:59.628,7.51286,7.51432,2.25,1.50
2013.04.11 08:19:00.937,7.51285,7.51432,1.50,1.50
2013.04.11 08:19:01.657,7.51266,7.51432,3.00,1.50
2013.04.11 08:19:02.449,7.51266,7.51423,3.00,1.88
2013.04.11 08:19:02.652,7.51257,7.51423,3.00,1.88
2013.04.11 08:19:02.986,7.5125,7.51423,3.00,1.88
2013.04.11 08:19:04.067,7.51239,7.51423,1.50,1.88
2013.04.11 08:19:04.267,7.51231,7.51413,2.25,1.88
2013.04.11 08:19:05.397,7.51223,7.51413,2.25,2.63
2013.04.11 08:19:06.551,7.51223,7.51373,2.25,1.50
2013.04.11 08:19:06.617,7.51204,7.51373,1.50,1.50
2013.04.11 08:19:08.828,7.51204,7.51373,1.50,1.50
2013.04.11 08:19:08.955,7.51196,7.51373,1.50,1.50
2013.04.11 08:19:24.495,7.51178,7.51373,2.25,2.25
2013.04.11 08:19:24.736,7.51165,7.51379,3.00,3.00
2013.04.11 08:19:24.917,7.51152,7.51364,1.50,1.50
2013.04.11 08:19:25.226,7.51136,7.51333,1.50,2.25
2013.04.11 08:19:25.586,7.51207,7.51378,2.63,1.50
2013.04.11 08:19:25.896,7.5126,7.51378,3.00,1.50
2013.04.11 08:19:26.527,7.5126,7.51433,3.00,2.63
2013.04.11 08:19:26.645,7.51275,7.51442,1.50,2.25
2013.04.11 08:19:26.985,7.51275,7.51442,1.50,2.25
2013.04.11 08:19:27.418,7.51275,7.51442,1.50,2.25
2013.04.11 08:19:27.549,7.5125,7.51403,2.25,2.63
2013.04.11 08:19:27.616,7.51228,7.51403,1.50,2.63
2013.04.11 08:19:28.138,7.51228,7.51403,1.50,1.88
2013.04.11 08:19:28.805,7.51228,7.51413,1.50,2.63
2013.04.11 08:19:30.127,7.51228,7.51413,1.50,2.63
2013.04.11 08:19:31.057,7.51228,7.51413,1.50,2.63
2013.04.11 08:19:36.363,7.51257,7.51442,1.50,2.25
2013.04.11 08:19:36.469,7.51257,7.51442,2.25,1.50
2013.04.11 08:19:42.141,7.51257,7.51432,2.25,1.88
2013.04.11 08:19:42.387,7.51236,7.51432,3.00,2.63
2013.04.11 08:19:44.983,7.51236,7.51426,3.00,1.50
2013.04.11 08:19:45.061,7.51236,7.51432,3.00,2.63
2013.04.11 08:19:45.409,7.51236,7.51426,3.00,1.50
2013.04.11 08:19:45.628,7.51236,7.51432,3.00,2.63
2013.04.11 08:19:54.155,7.51236,7.51426,3.00,1.50
2013.04.11 08:19:59.916,7.51236,7.51432,3.00,2.63
2013.04.11 08:20:02.713,7.51238,7.51442,2.25,4.13
2013.04.11 08:20:14.029,7.51237,7.51442,1.50,5.63
2013.04.11 08:20:32.906,7.51238,7.5145,2.25,2.25
2013.04.11 08:20:36.955,7.51262,7.5145,1.50,2.25
2013.04.11 08:20:37.136,7.51271,7.51483,3.00,3.00
2013.04.11 08:20:37.196,7.51279,7.51491,3.00,3.00
2013.04.11 08:20:40.175,7.51303,7.51491,1.50,3.00
2013.04.11 08:20:40.396,7.51298,7.51491,1.50,3.00
2013.04.11 08:20:42.490,7.51303,7.51491,1.50,3.00
2013.04.11 08:20:45.907,7.51298,7.51491,1.50,3.00
2013.04.11 08:20:46.037,7.51292,7.51473,1.50,2.63
2013.04.11 08:20:48.176,7.51292,7.51473,1.50,2.63
2013.04.11 08:20:48.695,7.51292,7.51473,1.50,2.63
2013.04.11 08:20:49.425,7.51292,7.51473,1.50,2.63
2013.04.11 08:20:50.209,7.51292,7.51473,1.50,2.63
2013.04.11 08:20:50.668,7.51292,7.51473,1.50,2.63
2013.04.11 08:20:59.356,7.51268,7.51473,2.25,2.63
2013.04.11 08:20:59.416,7.51268,7.51392,2.25,1.88
2013.04.11 08:20:59.775,7.51189,7.51363,1.50,2.63
2013.04.11 08:21:00.136,7.51165,7.51363,3.00,2.63
2013.04.11 08:21:00.195,7.51165,7.51353,3.00,1.50
2013.04.11 08:21:00.496,7.51069,7.51272,1.50,2.63
2013.04.11 08:21:02.146,7.51069,7.51252,1.50,2.63
2013.04.11 08:21:03.136,7.51069,7.51252,1.50,2.63
2013.04.11 08:21:04.165,7.51069,7.51252,1.50,2.63
2013.04.11 08:21:04.685,7.51069,7.51259,1.50,3.00
2013.04.11 08:21:06.117,7.51069,7.51259,1.50,3.00
2013.04.11 08:21:08.490,7.51087,7.51262,1.50,2.25
2013.04.11 08:21:08.569,7.51087,7.51262,1.50,2.25
2013.04.11 08:21:08.978,7.51087,7.51262,1.50,1.50
2013.04.11 08:21:09.284,7.51111,7.51262,1.50,1.50
2013.04.11 08:21:09.625,7.51112,7.51262,1.50,1.50
2013.04.11 08:21:11.586,7.51092,7.51262,1.50,2.25
2013.04.11 08:21:11.956,7.51102,7.51262,1.50,1.50
2013.04.11 08:21:13.215,7.51104,7.51262,1.50,1.50
2013.04.11 08:21:13.340,7.51104,7.51294,1.50,3.00
2013.04.11 08:21:13.407,7.51187,7.51294,1.88,3.00
2013.04.11 08:21:13.659,7.51187,7.51373,1.88,1.50
2013.04.11 08:21:13.730,7.51178,7.51373,4.13,1.50
2013.04.11 08:21:14.430,7.51178,7.51383,4.13,1.13
2013.04.11 08:21:14.746,7.51184,7.51396,2.25,2.25
2013.04.11 08:21:15.509,7.51192,7.51392,1.50,1.50
2013.04.11 08:21:20.177,7.51192,7.51402,1.50,2.70
2013.04.11 08:21:20.478,7.51128,7.51282,1.88,1.50
2013.04.11 08:21:20.547,7.51128,7.51282,1.88,2.25
2013.04.11 08:21:20.677,7.51128,7.51313,1.88,2.25
2013.04.11 08:21:20.747,7.5113,7.51319,2.25,1.35
2013.04.11 08:21:21.066,7.51098,7.51283,1.50,2.63
2013.04.11 08:21:21.186,7.51118,7.51293,1.88,2.25
2013.04.11 08:21:21.427,7.51107,7.51337,2.63,1.50
2013.04.11 08:21:22.266,7.5112,7.51317,2.25,1.50
2013.04.11 08:21:22.585,7.5113,7.51342,1.50,3.00
2013.04.11 08:21:23.717,7.51117,7.51262,1.50,1.88
2013.04.11 08:21:23.777,7.51107,7.51262,1.50,1.88
2013.04.11 08:21:23.956,7.51095,7.51262,1.50,2.63
2013.04.11 08:21:24.397,7.51078,7.51262,1.50,2.63
2013.04.11 08:21:25.396,7.51077,7.51262,1.50,2.63
2013.04.11 08:21:25.516,7.51107,7.51265,1.88,3.00
2013.04.11 08:21:25.576,7.51107,7.51273,2.63,1.50
2013.04.11 08:21:25.877,7.51107,7.51309,2.63,3.00
2013.04.11 08:21:26.237,7.51115,7.51327,2.25,2.25
2013.04.11 08:21:26.576,7.51097,7.51232,1.50,3.38
2013.04.11 08:21:26.636,7.5106,7.51232,1.35,3.38
2013.04.11 08:21:26.696,7.51108,7.51233,1.88,1.50
2013.04.11 08:21:26.816,7.51108,7.51243,1.88,1.50
2013.04.11 08:21:26.876,7.51108,7.51269,1.88,3.00
2013.04.11 08:21:26.936,7.51108,7.51313,3.00,1.50
2013.04.11 08:21:26.996,7.51101,7.51332,1.50,2.63
2013.04.11 08:21:28.046,7.51097,7.51305,2.25,2.25
2013.04.11 08:21:28.405,7.51057,7.51263,2.25,2.25
2013.04.11 08:21:28.649,7.51046,7.51258,1.50,1.50
2013.04.11 08:21:30.606,7.51078,7.51272,1.50,2.25
2013.04.11 08:21:30.666,7.51078,7.5129,1.50,1.50
2013.04.11 08:21:31.468,7.51088,7.51302,3.00,3.00
2013.04.11 08:21:32.285,7.51097,7.51309,1.50,1.50
2013.04.11 08:21:38.047,7.51104,7.51309,2.25,1.50
2013.04.11 08:21:40.606,7.51113,7.51313,2.25,2.25
2013.04.11 08:21:42.726,7.51104,7.51313,3.00,4.13
2013.04.11 08:21:43.510,7.51096,7.51308,2.25,2.25
2013.04.11 08:21:43.812,7.51079,7.51291,3.00,3.00
2013.04.11 08:21:48.331,7.51071,7.51283,2.25,4.13
2013.04.11 08:21:53.096,7.51079,7.51293,3.00,3.00
2013.04.11 08:21:53.337,7.51097,7.51293,2.63,1.50
2013.04.11 08:21:54.157,7.51028,7.51202,2.25,1.50
2013.04.11 08:21:54.897,7.51088,7.51211,1.50,3.00
2013.04.11 08:21:55.092,7.51097,7.51249,1.88,1.50
2013.04.11 08:21:55.158,7.51097,7.51277,2.63,1.50
2013.04.11 08:21:55.227,7.51088,7.513,4.88,1.50
2013.04.11 08:21:56.617,7.51088,7.51278,2.25,3.00
2013.04.11 08:21:56.977,7.5106,7.51132,3.00,1.88
2013.04.11 08:21:57.304,7.50956,7.51083,3.00,1.88
2013.04.11 08:21:57.365,7.50872,7.51083,1.50,2.63
2013.04.11 08:21:57.426,7.50872,7.51092,1.50,2.63
2013.04.11 08:21:57.665,7.50872,7.51092,1.50,2.63
2013.04.11 08:21:58.517,7.50884,7.51072,1.50,2.63
2013.04.11 08:21:59.176,7.50884,7.51072,1.50,2.63
2013.04.11 08:22:00.148,7.50884,7.51072,1.50,2.63
2013.04.11 08:22:00.735,7.50884,7.51072,1.50,2.63
2013.04.11 08:22:00.978,7.50884,7.51072,1.50,2.63
2013.04.11 08:22:01.106,7.50884,7.51072,1.50,2.63
2013.04.11 08:22:01.477,7.50884,7.51013,1.50,1.88
2013.04.11 08:22:01.536,7.5086,7.51013,3.00,1.88
2013.04.11 08:22:01.658,7.50817,7.51002,3.00,1.50
2013.04.11 08:22:01.786,7.50807,7.51002,1.50,2.25
2013.04.11 08:22:02.046,7.50798,7.50992,1.50,2.63
2013.04.11 08:22:02.516,7.50781,7.50992,3.00,2.63
2013.04.11 08:22:02.847,7.50781,7.50933,2.25,1.50
2013.04.11 08:22:02.917,7.50764,7.50933,2.25,2.25
2013.04.11 08:22:02.975,7.50717,7.50929,1.50,1.50
2013.04.11 08:22:03.035,7.50709,7.50921,3.00,3.00
2013.04.11 08:22:03.605,7.50701,7.50899,1.50,2.25
2013.04.11 08:22:04.706,7.50708,7.50913,2.25,2.63
2013.04.11 08:22:05.026,7.50708,7.50883,2.25,1.50
2013.04.11 08:22:05.826,7.50708,7.5092,2.25,2.25
2013.04.11 08:22:06.068,7.50726,7.50938,1.50,1.50
2013.04.11 08:22:06.855,7.50726,7.50931,1.50,2.25
2013.04.11 08:22:08.966,7.5071,7.50922,1.50,1.50
2013.04.11 08:22:14.092,7.5071,7.50915,1.50,2.25
2013.04.11 08:22:15.626,7.50717,7.50915,2.25,1.50
2013.04.11 08:22:16.356,7.50724,7.50938,3.00,3.00
2013.04.11 08:22:16.497,7.50724,7.50927,1.50,2.25
2013.04.11 08:22:17.887,7.50706,7.50918,2.25,2.25
2013.04.11 08:22:29.795,7.50705,7.50909,1.50,2.25
2013.04.11 08:22:30.167,7.50685,7.50893,3.00,2.25
2013.04.11 08:22:39.345,7.50695,7.50907,3.00,3.00
2013.04.11 08:22:39.646,7.50706,7.50918,2.25,2.25
2013.04.11 08:22:40.306,7.50706,7.50892,2.25,1.50
2013.04.11 08:22:40.486,7.50705,7.50892,1.50,2.25
2013.04.11 08:22:42.050,7.50705,7.50919,3.00,3.00
2013.04.11 08:22:42.355,7.50688,7.50893,3.00,2.25
2013.04.11 08:22:42.416,7.50688,7.50891,1.50,2.25
2013.04.11 08:22:44.778,7.5067,7.50882,3.00,3.00
2013.04.11 08:23:01.907,7.5067,7.50874,1.50,2.25
2013.04.11 08:23:02.146,7.50653,7.50855,1.50,2.25
2013.04.11 08:23:12.105,7.50634,7.50846,3.00,3.00
2013.04.11 08:23:12.935,7.50634,7.50839,1.50,2.25
2013.04.11 08:23:13.266,7.50634,7.50843,2.25,2.25
2013.04.11 08:23:21.526,7.50625,7.50822,1.50,2.25
2013.04.11 08:23:33.829,7.50617,7.50822,1.50,2.25
2013.04.11 08:23:34.864,7.50608,7.50822,3.00,4.50
2013.04.11 08:23:36.888,7.50599,7.50811,3.00,3.00
2013.04.11 08:23:38.218,7.5059,7.50783,3.00,2.63
2013.04.11 08:23:38.586,7.50582,7.50783,3.00,2.63
2013.04.11 08:23:38.946,7.50572,7.50772,3.00,4.13
2013.04.11 08:23:39.187,7.50563,7.50763,1.50,2.63
2013.04.11 08:23:49.387,7.50563,7.50752,1.50,2.63
2013.04.11 08:23:59.659,7.50571,7.50772,1.50,2.25
2013.04.11 08:24:00.657,7.50592,7.50772,3.00,1.50
2013.04.11 08:24:01.446,7.50601,7.50772,3.00,1.50
2013.04.11 08:24:02.076,7.50601,7.50813,3.00,3.00
2013.04.11 08:24:02.256,7.50609,7.50823,3.00,4.50
2013.04.11 08:24:16.894,7.50609,7.50799,3.00,1.35
2013.04.11 08:24:17.029,7.50589,7.50793,1.50,1.50
2013.04.11 08:24:17.098,7.50589,7.50753,1.50,1.88
2013.04.11 08:24:17.239,7.50579,7.50733,1.50,1.88
2013.04.11 08:24:17.368,7.50577,7.50733,1.50,1.88
2013.04.11 08:24:17.438,7.50556,7.50742,1.50,2.63
2013.04.11 08:24:17.866,7.50556,7.50742,1.50,4.13
2013.04.11 08:24:18.175,7.50556,7.50742,1.50,4.13
2013.04.11 08:24:19.368,7.50587,7.50742,1.88,2.25
2013.04.11 08:24:19.450,7.50567,7.50742,2.25,1.50
2013.04.11 08:24:19.527,7.50577,7.50779,2.25,2.25
2013.04.11 08:24:20.455,7.50582,7.50796,3.00,3.00
2013.04.11 08:24:20.877,7.5059,7.50804,3.00,3.00
2013.04.11 08:24:21.186,7.50599,7.50811,1.50,1.50
2013.04.11 08:24:21.496,7.50611,7.50823,3.00,2.25
2013.04.11 08:24:21.805,7.50621,7.50833,2.25,2.25
2013.04.11 08:24:22.426,7.50641,7.50843,1.50,2.25
2013.04.11 08:24:22.486,7.50641,7.50853,1.50,1.50
2013.04.11 08:24:22.668,7.50649,7.50861,1.50,1.50
2013.04.11 08:24:23.746,7.50662,7.50873,2.25,2.25
2013.04.11 08:24:24.106,7.50735,7.50947,3.00,3.00
2013.04.11 08:24:24.466,7.50745,7.50957,2.25,2.25
2013.04.11 08:24:24.767,7.50756,7.50968,3.00,3.00
2013.04.11 08:24:24.899,7.50763,7.50977,3.00,3.00
2013.04.11 08:24:28.717,7.50754,7.50955,2.25,1.50
2013.04.11 08:24:29.836,7.50732,7.5092,2.25,1.50
2013.04.11 08:24:29.918,7.50698,7.5091,2.25,2.25
2013.04.11 08:24:30.347,7.50686,7.50898,1.50,1.50
2013.04.11 08:24:30.916,7.50678,7.5089,1.50,1.50
2013.04.11 08:24:31.276,7.50666,7.5087,1.50,2.25
2013.04.11 08:24:31.946,7.5065,7.50862,3.00,3.00
2013.04.11 08:24:32.535,7.50642,7.50854,1.50,1.50
2013.04.11 08:24:33.786,7.50634,7.50846,2.25,2.25
2013.04.11 08:24:35.315,7.50626,7.50838,3.00,3.00
2013.04.11 08:24:35.497,7.50617,7.50831,3.00,3.00
2013.04.11 08:24:36.106,7.5061,7.50822,3.00,3.00
2013.04.11 08:24:36.586,7.50599,7.50813,3.00,3.00
2013.04.11 08:24:39.780,7.50618,7.50825,2.25,2.25
2013.04.11 08:24:39.977,7.50618,7.50862,1.50,1.50
2013.04.11 08:24:40.046,7.50641,7.50853,2.25,2.25
2013.04.11 08:25:00.795,7.50636,7.5085,3.00,3.00
2013.04.11 08:25:02.806,7.50636,7.50842,1.50,2.25
2013.04.11 08:25:15.056,7.50628,7.50833,1.50,2.25
2013.04.11 08:25:28.337,7.5062,7.50826,1.50,2.25
2013.04.11 08:25:28.826,7.50613,7.50818,1.50,2.25
2013.04.11 08:25:38.535,7.50697,7.50904,3.38,2.25
2013.04.11 08:25:38.846,7.507,7.50932,3.00,1.50
2013.04.11 08:25:43.017,7.50777,7.50934,1.50,3.00
2013.04.11 08:25:43.317,7.50788,7.50994,2.25,1.50
2013.04.11 08:25:58.648,7.50788,7.50971,2.25,1.35
2013.04.11 08:25:58.966,7.50712,7.50902,2.25,2.63
2013.04.11 08:25:59.147,7.50712,7.50894,1.50,3.00
2013.04.11 08:25:59.501,7.50738,7.50894,1.50,3.00
2013.04.11 08:25:59.851,7.50738,7.50909,1.50,2.25
2013.04.11 08:26:07.568,7.50738,7.50893,1.50,1.50
2013.04.11 08:26:12.950,7.50738,7.50892,1.50,1.50
2013.04.11 08:26:23.172,7.50738,7.5091,3.00,1.50
2013.04.11 08:26:26.439,7.50807,7.5091,2.48,1.50
2013.04.11 08:26:26.507,7.50807,7.50918,2.48,3.00
2013.04.11 08:26:26.567,7.5083,7.50918,1.95,3.00
2013.04.11 08:26:26.688,7.5083,7.50943,1.95,1.35
2013.04.11 08:26:26.757,7.50778,7.50902,1.50,1.88
2013.04.11 08:26:26.937,7.50746,7.50902,1.50,2.63
2013.04.11 08:26:27.490,7.5074,7.50905,2.40,3.00
2013.04.11 08:26:27.778,7.50826,7.50905,2.18,3.00
2013.04.11 08:26:27.907,7.50826,7.50923,2.18,3.00
2013.04.11 08:26:28.039,7.50821,7.50923,2.10,3.00
2013.04.11 08:26:28.171,7.50821,7.50963,2.10,3.00
2013.04.11 08:26:28.298,7.50821,7.50976,2.10,1.50
2013.04.11 08:26:28.371,7.50821,7.50999,2.10,1.50
2013.04.11 08:26:29.116,7.50839,7.50999,1.80,1.50
2013.04.11 08:26:29.309,7.50839,7.51007,1.80,3.00
2013.04.11 08:26:29.879,7.50839,7.51015,1.80,3.00
2013.04.11 08:26:30.365,7.50837,7.51015,2.55,3.00
2013.04.11 08:26:30.431,7.50864,7.51015,2.33,3.00
2013.04.11 08:26:30.695,7.50864,7.51022,2.33,2.25
2013.04.11 08:26:30.760,7.50894,7.51022,2.63,2.25
2013.04.11 08:26:31.120,7.50925,7.51022,1.58,2.25
2013.04.11 08:26:31.249,7.50925,7.51022,1.58,2.25
2013.04.11 08:26:31.319,7.50925,7.51055,1.58,3.00
2013.04.11 08:26:31.447,7.50925,7.51075,1.58,3.00
2013.04.11 08:26:31.759,7.50863,7.51002,3.00,1.50
2013.04.11 08:26:31.828,7.50842,7.50992,1.50,2.63
2013.04.11 08:26:31.960,7.5084,7.50999,2.85,2.25
2013.04.11 08:26:32.675,7.5084,7.50991,2.85,2.25
2013.04.11 08:26:32.763,7.5084,7.51,2.85,1.50
2013.04.11 08:26:34.497,7.50831,7.50993,1.58,2.63
2013.04.11 08:26:36.938,7.50833,7.51,1.50,1.50
2013.04.11 08:26:38.680,7.50837,7.51,2.40,1.50
2013.04.11 08:26:40.121,7.50836,7.51,2.10,1.50
2013.04.11 08:26:48.687,7.5084,7.51,2.78,1.50
2013.04.11 08:26:51.208,7.50844,7.51,2.48,1.50
2013.04.11 08:26:51.409,7.50844,7.51009,2.48,2.25
2013.04.11 08:26:52.450,7.50854,7.51009,1.50,2.25
2013.04.11 08:26:55.818,7.50844,7.51009,2.48,2.25
2013.04.11 08:26:55.963,7.5084,7.51009,2.55,2.25
2013.04.11 08:26:59.178,7.5084,7.50992,2.55,1.50
2013.04.11 08:26:59.537,7.5082,7.50993,2.48,2.63
2013.04.11 08:26:59.597,7.5082,7.50993,2.48,4.13
2013.04.11 08:27:00.755,7.50825,7.50993,2.48,4.13
2013.04.11 08:27:08.598,7.5082,7.50993,1.80,4.13
2013.04.11 08:27:10.215,7.50819,7.50993,1.88,4.13
2013.04.11 08:27:15.281,7.50821,7.50993,2.40,4.13
2013.04.11 08:27:19.658,7.50821,7.5099,2.40,3.00
2013.04.11 08:27:20.708,7.50822,7.5099,2.78,3.00
2013.04.11 08:27:25.617,7.50817,7.5099,2.18,3.00
2013.04.11 08:27:28.377,7.5082,7.5099,2.85,3.00
2013.04.11 08:27:30.110,7.50819,7.5099,2.70,3.00
2013.04.11 08:27:33.119,7.50836,7.5099,2.40,3.00
2013.04.11 08:27:33.204,7.5084,7.51001,2.33,3.00
2013.04.11 08:27:33.397,7.5084,7.51008,2.33,2.25
2013.04.11 08:27:36.570,7.5085,7.51022,1.50,2.25
2013.04.11 08:27:36.638,7.50906,7.51022,1.88,2.25
2013.04.11 08:27:36.708,7.50906,7.51053,1.88,2.25
2013.04.11 08:27:36.768,7.50903,7.51053,2.18,2.25
2013.04.11 08:27:36.948,7.509,7.51053,2.93,2.25
2013.04.11 08:27:37.611,7.509,7.51074,2.93,2.25
2013.04.11 08:27:37.738,7.50886,7.51066,3.15,1.50
2013.04.11 08:27:37.800,7.50886,7.51066,2.40,1.50
2013.04.11 08:27:38.738,7.50925,7.51072,2.18,2.63
2013.04.11 08:27:38.858,7.50925,7.51083,2.18,1.50
2013.04.11 08:27:38.920,7.5092,7.51083,2.10,1.50
2013.04.11 08:27:39.247,7.50915,7.51083,1.73,1.50
2013.04.11 08:27:39.607,7.50915,7.51095,1.73,3.00
2013.04.11 08:27:39.727,7.50909,7.51095,1.58,3.00
2013.04.11 08:27:40.262,7.5091,7.51095,2.48,3.00
2013.04.11 08:27:43.499,7.50914,7.51095,2.18,3.00
2013.04.11 08:27:44.089,7.50931,7.51095,2.25,3.00
2013.04.11 08:27:45.299,7.50931,7.51095,2.25,1.50
2013.04.11 08:27:45.488,7.50948,7.51102,1.73,2.25
2013.04.11 08:27:45.737,7.50948,7.51111,1.73,2.25
2013.04.11 08:27:45.859,7.50948,7.51122,1.73,2.25
2013.04.11 08:27:48.352,7.50948,7.511,1.73,2.25
2013.04.11 08:27:48.777,7.50941,7.511,2.70,2.25
2013.04.11 08:27:49.418,7.50938,7.511,2.93,2.25
2013.04.11 08:27:49.537,7.50938,7.51094,2.93,3.00
2013.04.11 08:27:49.869,7.50932,7.51085,2.03,3.00
2013.04.11 08:27:50.339,7.50933,7.511,2.70,1.50
2013.04.11 08:27:50.528,7.50925,7.511,2.55,1.50
2013.04.11 08:27:51.108,7.5092,7.511,1.80,1.50
2013.04.11 08:27:51.558,7.50937,7.511,2.93,1.50
2013.04.11 08:27:59.047,7.50937,7.51108,2.93,1.50
2013.04.11 08:27:59.228,7.50937,7.51116,2.93,2.25
2013.04.11 08:27:59.429,7.50941,7.51116,2.63,2.25
2013.04.11 08:27:59.897,7.50958,7.51116,1.95,2.25
2013.04.11 08:28:00.080,7.50958,7.51117,1.95,1.50
2013.04.11 08:28:00.458,7.50963,7.51138,2.40,1.50
2013.04.11 08:28:09.238,7.50979,7.51138,2.25,1.50
2013.04.11 08:28:09.479,7.50979,7.51149,2.25,2.25
2013.04.11 08:28:09.547,7.50979,7.51153,2.25,2.25
2013.04.11 08:28:09.691,7.50983,7.51153,2.33,2.25
2013.04.11 08:28:10.101,7.50985,7.51153,1.65,2.25
2013.04.11 08:28:10.488,7.5099,7.51153,1.80,2.25
2013.04.11 08:28:10.608,7.5099,7.51164,1.80,1.50
2013.04.11 08:28:10.740,7.5099,7.51173,1.80,3.00
2013.04.11 08:28:14.389,7.50967,7.51173,2.63,3.00
2013.04.11 08:28:14.737,7.50967,7.51159,2.63,3.00
2013.04.11 08:28:16.197,7.50967,7.51159,1.88,3.00
2013.04.11 08:28:19.648,7.50967,7.51151,1.88,2.25
2013.04.11 08:28:20.597,7.50978,7.51151,1.50,3.00
2013.04.11 08:28:20.682,7.50987,7.51176,1.88,1.50
2013.04.11 08:28:22.149,7.50987,7.51176,2.63,1.50
2013.04.11 08:28:34.818,7.50987,7.51176,2.63,1.50
2013.04.11 08:28:35.127,7.50997,7.51184,2.63,1.50
2013.04.11 08:28:35.247,7.50997,7.51184,2.63,1.50
2013.04.11 08:28:36.187,7.50997,7.51184,2.63,1.50
2013.04.11 08:28:36.248,7.50997,7.51194,2.63,2.25
2013.04.11 08:28:36.568,7.50997,7.51194,2.63,2.25
2013.04.11 08:28:37.696,7.50997,7.51194,2.63,2.25
2013.04.11 08:28:37.817,7.51018,7.51205,2.63,3.00
2013.04.11 08:28:37.937,7.51018,7.51213,2.63,1.50
2013.04.11 08:28:37.997,7.51028,7.51213,1.88,1.50
2013.04.11 08:28:39.007,7.51028,7.51225,1.88,3.00
2013.04.11 08:28:40.161,7.51028,7.51225,2.63,3.00
2013.04.11 08:28:41.707,7.51028,7.51213,1.88,1.50
2013.04.11 08:28:43.678,7.51018,7.51217,1.88,1.50
2013.04.11 08:28:43.798,7.51018,7.51217,1.88,3.00
2013.04.11 08:28:44.670,7.51018,7.51217,2.63,3.00
2013.04.11 08:28:44.977,7.51018,7.51217,2.63,3.00
2013.04.11 08:28:45.169,7.51018,7.51217,2.63,3.00
2013.04.11 08:28:45.417,7.51018,7.51217,2.63,3.00
2013.04.11 08:28:47.125,7.50977,7.51176,2.63,3.00
2013.04.11 08:28:47.368,7.50977,7.51176,2.63,3.00
2013.04.11 08:28:47.706,7.50977,7.51165,2.63,3.00
2013.04.11 08:28:48.166,7.50977,7.51165,2.63,3.00
2013.04.11 08:28:48.360,7.50968,7.51165,2.63,3.00
2013.04.11 08:28:48.706,7.50968,7.51157,2.63,3.00
2013.04.11 08:28:54.417,7.50968,7.51157,2.63,3.00
2013.04.11 08:28:54.629,7.50968,7.51157,2.63,3.00
2013.04.11 08:28:54.888,7.50958,7.51113,2.25,1.88
2013.04.11 08:28:55.019,7.50958,7.51113,2.25,1.88
2013.04.11 08:28:55.088,7.50958,7.51098,2.25,1.50
2013.04.11 08:28:55.433,7.50907,7.5109,2.25,2.25
2013.04.11 08:28:56.178,7.50907,7.5109,2.25,2.25
2013.04.11 08:28:57.077,7.50907,7.51091,2.25,3.00
2013.04.11 08:28:58.149,7.50907,7.51091,2.25,3.00
2013.04.11 08:29:01.912,7.50817,7.51013,1.50,4.13
2013.04.11 08:29:02.097,7.50806,7.50994,1.50,3.00
2013.04.11 08:29:02.227,7.50788,7.50976,1.50,3.00
2013.04.11 08:29:03.107,7.50777,7.50968,1.50,2.25
2013.04.11 08:29:04.087,7.5077,7.5096,1.50,3.00
2013.04.11 08:29:04.158,7.50768,7.5096,2.63,3.00
2013.04.11 08:29:07.077,7.50808,7.5096,1.88,3.00
2013.04.11 08:29:07.138,7.50808,7.50984,1.88,3.00
2013.04.11 08:29:08.066,7.50808,7.50997,2.63,2.25
2013.04.11 08:29:28.740,7.50808,7.50994,1.88,2.25
2013.04.11 08:29:42.527,7.50798,7.50994,2.63,3.00
2013.04.11 08:29:48.572,7.50798,7.50973,2.63,1.50
2013.04.11 08:29:52.357,7.50807,7.5099,1.88,3.00
2013.04.11 08:30:07.262,7.50797,7.5099,2.63,3.00
2013.04.11 08:30:08.547,7.50778,7.50966,2.25,1.50
2013.04.11 08:30:08.608,7.50736,7.5095,3.00,3.00
2013.04.11 08:30:08.677,7.50714,7.50873,3.00,1.88
2013.04.11 08:30:08.979,7.50714,7.50853,3.00,1.88
2013.04.11 08:30:09.106,7.50677,7.50853,1.50,1.88
2013.04.11 08:30:09.228,7.50677,7.50843,1.50,2.63
2013.04.11 08:30:09.598,7.5064,7.50828,1.50,2.25
2013.04.11 08:30:09.910,7.5062,7.50808,1.50,3.00
2013.04.11 08:30:09.977,7.5062,7.50808,1.50,3.00
2013.04.11 08:30:10.146,7.50608,7.50798,1.50,3.00
2013.04.11 08:30:11.426,7.50587,7.50798,2.63,3.00
2013.04.11 08:30:11.489,7.50584,7.50772,3.00,1.88
2013.04.11 08:30:11.798,7.50578,7.50722,3.00,1.88
2013.04.11 08:30:11.928,7.50541,7.50713,1.50,2.63
2013.04.11 08:30:12.048,7.50529,7.50713,1.50,2.63
2013.04.11 08:30:12.356,7.50499,7.50687,1.50,3.00
2013.04.11 08:30:12.506,7.50499,7.50687,1.50,3.00
2013.04.11 08:30:12.718,7.50475,7.50623,3.00,1.50
2013.04.11 08:30:12.787,7.50475,7.50613,3.00,1.88
2013.04.11 08:30:13.147,7.50395,7.50582,1.50,2.25
2013.04.11 08:30:13.569,7.50416,7.50582,1.50,2.25
2013.04.11 08:30:13.700,7.50408,7.50573,1.50,1.88
2013.04.11 08:30:13.887,7.50387,7.50573,1.50,2.63
2013.04.11 08:30:13.956,7.50387,7.50563,1.50,2.63
2013.04.11 08:30:14.261,7.50361,7.50551,1.50,3.00
2013.04.11 08:30:14.647,7.50338,7.50551,2.25,3.00
2013.04.11 08:30:14.829,7.50337,7.50532,1.50,2.25
2013.04.11 08:30:15.138,7.50262,7.50466,1.50,3.00
2013.04.11 08:30:15.319,7.5029,7.50415,1.50,2.55
2013.04.11 08:30:15.387,7.50272,7.50415,3.00,2.55
2013.04.11 08:30:15.448,7.50358,7.50415,1.30,2.55
2013.04.11 08:30:15.758,7.50368,7.50403,1.71,2.55
2013.04.11 08:30:16.191,7.50341,7.5041,1.62,8.34
2013.04.11 08:30:16.268,7.50316,7.50382,1.69,4.66
2013.04.11 08:30:16.338,7.50339,7.50373,1.14,1.73
2013.04.11 08:30:16.458,7.50322,7.50375,2.25,2.48
2013.04.11 08:30:16.517,7.50322,7.50376,2.25,1.73
2013.04.11 08:30:16.638,7.50295,7.50372,2.25,1.73
2013.04.11 08:30:16.698,7.50337,7.50374,3.00,1.73
2013.04.11 08:30:18.282,7.50337,7.50513,3.00,1.50
2013.04.11 08:30:18.376,7.50068,7.50292,3.00,1.50
2013.04.11 08:30:18.507,7.50046,7.50292,3.00,1.50
2013.04.11 08:30:19.126,7.5003,7.50292,1.50,3.38
2013.04.11 08:30:19.508,7.50061,7.50252,3.00,4.13
2013.04.11 08:30:20.876,7.50054,7.50252,2.25,4.13
2013.04.11 08:30:21.247,7.50071,7.50252,2.25,1.50
2013.04.11 08:30:21.667,7.50097,7.50252,2.85,1.50
2013.04.11 08:30:21.787,7.50148,7.50372,2.63,1.73
2013.04.11 08:30:21.846,7.50188,7.50378,2.25,1.50
2013.04.11 08:30:21.966,7.50188,7.50403,3.00,2.25
2013.04.11 08:30:23.317,7.50197,7.50383,2.25,1.50
2013.04.11 08:30:23.876,7.50287,7.50383,1.88,1.50
2013.04.11 08:30:24.177,7.50301,7.50392,2.25,1.50
2013.04.11 08:30:24.236,7.5029,7.50539,1.50,3.00
2013.04.11 08:30:24.357,7.50349,7.50562,3.00,1.50
2013.04.11 08:30:24.418,7.50308,7.50562,2.25,2.25
2013.04.11 08:30:25.416,7.50338,7.50542,2.25,2.25
2013.04.11 08:30:27.629,7.50347,7.50526,1.50,1.50
2013.04.11 08:30:28.078,7.50347,7.50535,3.00,1.50
2013.04.11 08:30:28.147,7.50347,7.50542,3.00,2.25
2013.04.11 08:30:30.340,7.50417,7.50629,2.25,2.25
2013.04.11 08:30:30.683,7.5045,7.50662,3.00,3.00
2013.04.11 08:30:31.387,7.50463,7.50662,2.25,1.50
2013.04.11 08:30:31.507,7.50472,7.50684,3.00,3.00
2013.04.11 08:30:31.748,7.50481,7.50684,2.25,1.50
2013.04.11 08:30:34.126,7.5049,7.50702,1.50,1.50
2013.04.11 08:30:36.536,7.5049,7.50662,1.50,1.50
2013.04.11 08:30:37.239,7.50498,7.50662,3.00,1.50
2013.04.11 08:30:41.697,7.50498,7.50602,3.00,1.88
2013.04.11 08:30:41.878,7.50444,7.50553,2.25,1.50
2013.04.11 08:30:41.947,7.50395,7.50553,2.25,1.50
2013.04.11 08:30:42.007,7.50393,7.50553,1.50,1.50
2013.04.11 08:30:42.758,7.50369,7.50553,2.25,1.50
2013.04.11 08:30:42.998,7.50358,7.50553,1.50,2.25
2013.04.11 08:30:43.666,7.50358,7.50547,1.50,1.50
2013.04.11 08:30:43.907,7.5035,7.50542,1.50,1.50
2013.04.11 08:30:45.380,7.5035,7.50539,1.50,1.50
2013.04.11 08:30:45.968,7.50341,7.50533,3.00,1.50
2013.04.11 08:30:46.149,7.50341,7.50531,3.00,1.50
2013.04.11 08:30:48.388,7.50341,7.50553,3.00,2.25
2013.04.11 08:30:48.507,7.50417,7.50555,1.50,3.00
2013.04.11 08:30:48.627,7.50417,7.50592,1.50,2.77
2013.04.11 08:30:49.389,7.50417,7.50603,2.25,2.33
2013.04.11 08:30:49.456,7.50419,7.50603,3.00,1.58
2013.04.11 08:30:50.377,7.50428,7.50603,2.25,1.20
2013.04.11 08:30:53.037,7.50448,7.5064,2.25,2.25
2013.04.11 08:30:53.158,7.50488,7.50706,2.25,2.25
2013.04.11 08:30:53.287,7.50483,7.50697,3.00,3.00
2013.04.11 08:30:53.593,7.50507,7.50697,1.50,2.25
2013.04.11 08:30:53.727,7.50515,7.50712,3.00,2.25
2013.04.11 08:30:54.378,7.50527,7.50712,3.00,1.50
2013.04.11 08:30:55.247,7.50527,7.50739,3.00,3.00
2013.04.11 08:30:55.369,7.50572,7.50762,2.25,1.50
2013.04.11 08:30:55.437,7.50581,7.50785,2.25,1.50
2013.04.11 08:30:55.798,7.50595,7.50793,2.25,1.50
2013.04.11 08:30:55.868,7.50609,7.50809,2.25,1.50
2013.04.11 08:30:56.447,7.50626,7.50838,3.00,3.00
2013.04.11 08:30:56.877,7.50637,7.50838,2.25,1.50
2013.04.11 08:30:57.477,7.5066,7.50859,1.50,2.25
2013.04.11 08:30:57.781,7.50669,7.50881,3.00,3.00
2013.04.11 08:30:58.806,7.50678,7.50892,3.00,3.00
2013.04.11 08:31:02.973,7.50728,7.50892,1.88,3.00
2013.04.11 08:31:03.098,7.50728,7.50923,3.38,1.50
2013.04.11 08:31:03.226,7.50745,7.50934,1.50,1.50
2013.04.11 08:31:04.118,7.50745,7.50934,1.50,1.50
2013.04.11 08:31:05.167,7.50745,7.50934,1.50,1.50
2013.04.11 08:31:10.216,7.50745,7.50934,1.50,1.50
2013.04.11 08:31:10.275,7.50745,7.50933,1.50,1.50
2013.04.11 08:31:10.338,7.50728,7.50916,1.50,2.25
2013.04.11 08:31:10.397,7.50704,7.50916,2.25,2.25
2013.04.11 08:31:10.697,7.50703,7.50909,1.50,2.25
2013.04.11 08:31:11.476,7.50695,7.50899,1.50,2.25
2013.04.11 08:31:11.837,7.50677,7.50882,1.50,2.25
2013.04.11 08:31:32.856,7.50663,7.50875,2.25,2.25
2013.04.11 08:31:33.347,7.50655,7.50867,3.00,3.00
2013.04.11 08:31:33.778,7.50655,7.50822,3.00,1.50
2013.04.11 08:31:33.906,7.50646,7.50822,3.00,1.50
2013.04.11 08:31:34.088,7.50629,7.50822,3.00,2.25
2013.04.11 08:31:34.516,7.50621,7.50822,3.00,2.25
2013.04.11 08:31:35.061,7.50613,7.50822,2.25,2.25
2013.04.11 08:31:36.327,7.50603,7.50817,3.00,3.00
2013.04.11 08:31:37.347,7.50589,7.50803,3.00,3.00
2013.04.11 08:31:37.672,7.50578,7.5078,2.25,3.00
2013.04.11 08:31:38.429,7.50549,7.50761,2.25,2.25
2013.04.11 08:31:41.067,7.50537,7.50751,3.00,3.00
2013.04.11 08:31:43.717,7.50546,7.50742,1.50,2.25
2013.04.11 08:31:44.548,7.50538,7.50742,1.50,2.25
2013.04.11 08:31:48.285,7.5053,7.50742,2.25,3.75
2013.04.11 08:31:48.600,7.50529,7.50735,1.50,2.25
2013.04.11 08:31:50.828,7.50537,7.50735,2.63,1.50
2013.04.11 08:31:51.721,7.5054,7.50742,3.00,2.25
2013.04.11 08:31:53.526,7.5055,7.50742,3.00,2.25
2013.04.11 08:31:53.837,7.50593,7.50786,2.25,1.50
2013.04.11 08:31:54.757,7.50602,7.50812,1.50,2.25
2013.04.11 08:31:55.667,7.5061,7.50814,2.25,1.50
2013.04.11 08:31:56.827,7.50622,7.50834,1.50,1.50
2013.04.11 08:31:57.486,7.50633,7.50845,2.25,2.25
2013.04.11 08:31:58.286,7.5064,7.50846,2.25,1.50
2013.04.11 08:31:59.237,7.5065,7.50862,3.00,3.00
2013.04.11 08:32:00.463,7.50658,7.50863,3.00,2.25
2013.04.11 08:32:01.057,7.50643,7.50857,3.00,3.00
2013.04.11 08:32:05.008,7.50628,7.5083,2.25,1.50
2013.04.11 08:32:05.317,7.50617,7.50829,2.25,2.25
2013.04.11 08:32:05.567,7.50624,7.5083,2.25,1.50
2013.04.11 08:32:07.047,7.50644,7.50838,2.25,1.50
2013.04.11 08:32:17.657,7.50654,7.50863,2.25,2.25
2013.04.11 08:32:18.037,7.50662,7.50863,3.00,2.25
2013.04.11 08:32:20.056,7.5067,7.50882,1.50,3.00
2013.04.11 08:32:40.686,7.50671,7.50883,3.00,3.00
2013.04.11 08:32:48.826,7.50678,7.50892,3.00,3.00
2013.04.11 08:32:49.407,7.50667,7.50868,2.25,1.50
2013.04.11 08:32:49.466,7.50654,7.50868,3.00,3.00
2013.04.11 08:32:50.667,7.50645,7.50857,3.00,3.00
2013.04.11 08:32:51.907,7.50645,7.50849,1.50,2.25
2013.04.11 08:32:52.546,7.50661,7.50873,3.00,3.00
2013.04.11 08:32:53.117,7.5067,7.50882,1.50,1.50
2013.04.11 08:32:53.636,7.50681,7.50883,3.00,2.25
2013.04.11 08:33:01.027,7.50669,7.50881,1.50,1.50
2013.04.11 08:33:01.160,7.50657,7.50871,3.00,3.00
2013.04.11 08:33:04.267,7.5065,7.50862,2.25,2.25
2013.04.11 08:33:04.828,7.50649,7.50854,1.50,2.25
2013.04.11 08:33:06.296,7.50641,7.50847,1.50,2.25
2013.04.11 08:33:06.477,7.5066,7.5085,2.25,1.50
2013.04.11 08:33:06.619,7.50669,7.50874,1.50,2.25
2013.04.11 08:33:06.687,7.50669,7.50883,3.00,3.00
2013.04.11 08:33:07.537,7.50653,7.50865,3.00,3.00
2013.04.11 08:33:07.838,7.50641,7.50853,2.25,2.25
2013.04.11 08:33:08.367,7.50631,7.50845,3.00,3.00
2013.04.11 08:33:08.488,7.50605,7.50817,1.50,1.50
2013.04.11 08:33:08.848,7.50594,7.50806,3.00,3.00
2013.04.11 08:33:10.079,7.50594,7.50763,3.00,1.50
2013.04.11 08:33:10.387,7.50591,7.50763,1.50,2.25
2013.04.11 08:33:10.509,7.50567,7.5076,1.50,2.25
2013.04.11 08:33:17.667,7.50546,7.50736,2.25,1.50
2013.04.11 08:33:17.727,7.50538,7.50732,3.00,1.50
2013.04.11 08:33:18.008,7.50538,7.50728,3.00,1.50
2013.04.11 08:33:18.207,7.50538,7.50732,3.00,1.50
2013.04.11 08:33:18.387,7.50537,7.50732,2.63,1.50
2013.04.11 08:33:21.187,7.50517,7.50722,2.25,1.50
2013.04.11 08:33:21.628,7.50517,7.50713,2.25,2.25
2013.04.11 08:33:24.338,7.50525,7.50715,2.25,1.50
2013.04.11 08:33:24.457,7.50526,7.50738,1.50,1.50
2013.04.11 08:33:25.306,7.50534,7.50738,2.25,1.50
2013.04.11 08:33:25.608,7.50545,7.50757,3.00,3.00
2013.04.11 08:33:26.328,7.50567,7.50779,1.50,1.50
2013.04.11 08:33:27.754,7.50588,7.508,3.00,3.00
2013.04.11 08:33:28.126,7.50596,7.5081,3.00,3.00
2013.04.11 08:33:28.947,7.50606,7.50818,2.25,2.25
2013.04.11 08:33:29.847,7.50613,7.50819,2.25,1.50
2013.04.11 08:33:29.908,7.50621,7.50827,2.25,1.50
2013.04.11 08:33:30.217,7.50612,7.50824,3.00,3.00
2013.04.11 08:33:30.397,7.50607,7.50815,1.50,1.50
2013.04.11 08:33:32.567,7.50634,7.50846,2.25,2.25
2013.04.11 08:33:32.868,7.50631,7.50843,2.25,2.25
2013.04.11 08:33:32.987,7.5063,7.50831,1.50,2.25
2013.04.11 08:33:33.048,7.50613,7.5082,1.50,2.25
2013.04.11 08:33:33.108,7.50605,7.5082,1.50,3.00
2013.04.11 08:33:33.846,7.50625,7.5082,2.40,3.00
2013.04.11 08:33:34.146,7.50617,7.5082,2.93,3.00
2013.04.11 08:33:34.396,7.50613,7.5082,1.50,3.00
2013.04.11 08:33:34.957,7.50617,7.50828,1.50,2.25
2013.04.11 08:33:35.017,7.50617,7.50839,1.50,2.25
2013.04.11 08:33:40.127,7.50593,7.50805,2.25,1.50
2013.04.11 08:33:40.428,7.50577,7.50796,2.25,2.25
2013.04.11 08:33:41.529,7.50601,7.50796,1.95,2.25
2013.04.11 08:33:41.668,7.50594,7.50796,2.33,2.25
2013.04.11 08:33:42.197,7.50599,7.50797,1.50,1.50
2013.04.11 08:33:42.567,7.50594,7.50798,2.33,2.25
2013.04.11 08:33:42.889,7.50601,7.50797,2.03,1.50
2013.04.11 08:33:43.808,7.50601,7.50787,2.03,2.25
2013.04.11 08:33:43.891,7.50571,7.50776,1.95,2.25
2013.04.11 08:33:43.958,7.50571,7.50769,1.95,2.25
2013.04.11 08:33:44.497,7.5057,7.50769,1.95,3.00
2013.04.11 08:33:45.867,7.50573,7.50769,2.10,3.00
2013.04.11 08:33:46.537,7.50579,7.50777,2.63,3.00
2013.04.11 08:33:46.881,7.50583,7.50791,1.50,1.50
2013.04.11 08:33:46.959,7.50585,7.50791,2.40,1.50
2013.04.11 08:33:47.229,7.50583,7.50791,1.50,1.50
2013.04.11 08:33:47.456,7.50586,7.50791,2.55,1.50
2013.04.11 08:33:47.907,7.50591,7.50791,2.85,1.50
2013.04.11 08:33:48.090,7.50583,7.50791,1.50,1.50
2013.04.11 08:33:48.218,7.50588,7.50801,1.50,3.00
2013.04.11 08:33:49.227,7.50577,7.50791,2.25,2.25
2013.04.11 08:33:52.889,7.50545,7.50755,1.50,2.25
2013.04.11 08:33:53.715,7.50525,7.50713,2.25,1.50
2013.04.11 08:33:53.803,7.50508,7.50708,1.50,2.25
2013.04.11 08:33:53.988,7.505,7.50701,1.50,1.50
2013.04.11 08:33:54.107,7.50493,7.507,1.50,2.25
2013.04.11 08:33:54.957,7.50482,7.507,1.50,2.25
2013.04.11 08:33:55.018,7.50538,7.507,1.50,2.25
2013.04.11 08:33:55.089,7.50538,7.50716,1.50,2.25
2013.04.11 08:33:55.277,7.50567,7.50739,1.50,1.50
2013.04.11 08:33:55.458,7.50567,7.50759,1.50,1.50
2013.04.11 08:33:55.577,7.50569,7.50759,1.65,1.50
2013.04.11 08:33:56.247,7.50577,7.50786,1.50,3.00
2013.04.11 08:33:56.796,7.50577,7.50786,1.50,3.00
2013.04.11 08:33:57.097,7.50587,7.50793,1.50,2.25
2013.04.11 08:33:57.837,7.50595,7.50801,1.50,3.00
2013.04.11 08:33:58.377,7.50588,7.50801,1.50,3.00
2013.04.11 08:33:59.019,7.50595,7.50801,1.50,3.00
2013.04.11 08:33:59.527,7.50596,7.50801,2.70,3.00
2013.04.11 08:33:59.788,7.50601,7.5081,1.50,3.00
2013.04.11 08:34:00.137,7.50606,7.50822,1.50,3.00
2013.04.11 08:34:00.639,7.50608,7.5083,3.00,3.00
2013.04.11 08:34:00.947,7.5062,7.50832,1.50,1.50
2013.04.11 08:34:09.198,7.5063,7.50844,3.00,3.00
2013.04.11 08:34:10.339,7.50619,7.50833,3.00,3.00
2013.04.11 08:34:10.820,7.50611,7.50823,2.25,2.25
2013.04.11 08:34:15.707,7.50618,7.50832,3.00,3.00
2013.04.11 08:34:15.887,7.50635,7.50847,3.00,3.00
2013.04.11 08:34:16.899,7.50623,7.50835,1.50,1.50
2013.04.11 08:34:17.737,7.50615,7.50827,2.25,2.25
2013.04.11 08:34:19.876,7.50613,7.50819,1.50,3.00
2013.04.11 08:34:25.007,7.50607,7.50812,1.50,2.25
2013.04.11 08:34:27.807,7.50622,7.50811,1.50,1.50
2013.04.11 08:34:27.929,7.50625,7.50831,1.50,2.25
2013.04.11 08:34:28.348,7.50627,7.50839,3.00,3.00
2013.04.11 08:34:28.888,7.50614,7.50826,2.25,2.25
2013.04.11 08:34:29.248,7.50601,7.50813,2.25,2.25
2013.04.11 08:34:35.048,7.50623,7.50814,2.25,1.50
2013.04.11 08:34:35.227,7.50631,7.50835,2.25,1.50
2013.04.11 08:34:40.878,7.50609,7.50821,2.25,2.25
2013.04.11 08:34:54.597,7.50636,7.50841,1.50,2.25
2013.04.11 08:34:54.659,7.50636,7.50848,1.50,1.50
2013.04.11 08:34:56.788,7.50627,7.50839,3.00,3.00
2013.04.11 08:34:57.109,7.50622,7.50827,1.50,2.25
2013.04.11 08:35:06.857,7.50636,7.50828,2.25,1.50
2013.04.11 08:35:11.819,7.50654,7.50868,3.00,3.00
2013.04.11 08:35:15.220,7.50664,7.50876,1.50,1.50
2013.04.11 08:35:17.878,7.50672,7.50876,2.25,1.50
2013.04.11 08:35:18.187,7.5069,7.50893,2.25,1.50
2013.04.11 08:35:20.767,7.50691,7.50895,1.50,2.25
2013.04.11 08:35:21.199,7.50667,7.50879,2.25,2.25
2013.04.11 08:35:24.169,7.5069,7.50904,3.00,3.00
2013.04.11 08:35:25.908,7.50706,7.50918,1.50,1.50
2013.04.11 08:35:26.272,7.50688,7.509,2.25,2.25
2013.04.11 08:35:26.869,7.50687,7.50892,1.50,2.25
2013.04.11 08:35:27.058,7.5068,7.50864,1.50,1.35
2013.04.11 08:35:27.128,7.50638,7.50814,2.25,2.25
2013.04.11 08:35:27.188,7.50611,7.50814,1.50,3.00
2013.04.11 08:35:27.247,7.50608,7.50798,2.25,2.25
2013.04.11 08:35:27.607,7.50589,7.50779,1.50,3.00
2013.04.11 08:35:27.927,7.50589,7.50779,1.50,3.00
2013.04.11 08:35:27.988,7.50584,7.5077,1.50,2.25
2013.04.11 08:35:30.224,7.50582,7.5077,1.50,2.25
2013.04.11 08:35:31.148,7.50582,7.5077,1.50,2.25
2013.04.11 08:35:31.218,7.50597,7.50785,1.50,2.25
2013.04.11 08:35:31.398,7.50588,7.50776,1.50,2.25
2013.04.11 08:35:33.157,7.50588,7.50776,1.50,2.25
2013.04.11 08:35:33.380,7.50588,7.50776,1.50,2.25
2013.04.11 08:35:35.200,7.50578,7.50772,1.50,1.50
2013.04.11 08:35:41.339,7.50588,7.50776,1.50,2.25
2013.04.11 08:35:42.640,7.50588,7.50776,1.50,2.25
2013.04.11 08:35:46.058,7.50588,7.50776,1.50,2.25
2013.04.11 08:35:46.758,7.50588,7.50776,1.50,2.25
2013.04.11 08:35:46.878,7.50588,7.50776,1.50,2.25
2013.04.11 08:35:47.378,7.50588,7.50776,1.50,2.25
2013.04.11 08:35:48.368,7.50588,7.50776,1.50,2.25
2013.04.11 08:35:54.468,7.50588,7.50764,1.50,1.50
2013.04.11 08:36:00.949,7.50588,7.50764,1.50,1.50
2013.04.11 08:36:02.477,7.50588,7.50764,1.50,1.50
2013.04.11 08:36:02.671,7.50588,7.50764,1.50,1.50
2013.04.11 08:36:03.830,7.50588,7.50764,1.50,1.50
2013.04.11 08:36:04.099,7.50588,7.50764,1.50,1.50
2013.04.11 08:36:11.480,7.50588,7.50762,1.50,1.50
2013.04.11 08:36:11.789,7.50589,7.50754,1.50,2.18
2013.04.11 08:36:12.108,7.50574,7.50744,1.50,1.50
2013.04.11 08:36:12.677,7.50574,7.50744,1.50,1.50
2013.04.11 08:36:12.929,7.50563,7.50739,1.50,1.50
2013.04.11 08:36:13.658,7.50546,7.50739,1.50,1.50
2013.04.11 08:36:13.718,7.50644,7.50751,2.85,3.00
2013.04.11 08:36:13.908,7.50605,7.50807,1.73,3.00
2013.04.11 08:36:13.969,7.50615,7.50827,1.50,1.50
2013.04.11 08:36:14.159,7.50616,7.50827,1.50,1.50
2013.04.11 08:36:14.484,7.50617,7.50825,2.25,1.50
2013.04.11 08:36:15.029,7.50637,7.50823,2.25,1.65
2013.04.11 08:36:15.098,7.50623,7.50813,3.00,1.50
2013.04.11 08:36:16.961,7.5068,7.50868,2.25,1.50
2013.04.11 08:36:17.298,7.50687,7.50871,3.00,2.70
2013.04.11 08:36:18.008,7.50687,7.50876,3.00,1.58
2013.04.11 08:36:18.199,7.50687,7.50877,3.00,1.50
2013.04.11 08:36:19.558,7.50687,7.50877,3.00,1.50
2013.04.11 08:36:19.918,7.50696,7.50888,3.00,1.50
2013.04.11 08:36:20.397,7.50703,7.50893,3.00,1.50
2013.04.11 08:36:23.158,7.50703,7.50878,3.00,2.03
2013.04.11 08:36:23.279,7.50703,7.50878,1.50,2.03
2013.04.11 08:36:23.409,7.50693,7.50808,2.25,1.50
2013.04.11 08:36:23.479,7.5068,7.50808,2.25,1.50
2013.04.11 08:36:23.549,7.50635,7.50808,1.50,1.50
2013.04.11 08:36:23.618,7.50619,7.50808,1.50,2.25
2013.04.11 08:36:23.739,7.50619,7.50786,1.50,2.40
2013.04.11 08:36:23.809,7.50617,7.50786,1.50,2.40
2013.04.11 08:36:23.879,7.50611,7.50776,1.50,1.50
2013.04.11 08:36:23.939,7.50611,7.50768,1.50,2.25
2013.04.11 08:36:24.249,7.50601,7.50765,1.50,2.55
2013.04.11 08:36:24.558,7.50576,7.50747,1.50,1.50
2013.04.11 08:36:24.618,7.50576,7.50747,1.50,1.50
2013.04.11 08:36:24.679,7.50576,7.50747,1.50,1.50
2013.04.11 08:36:25.418,7.50576,7.50747,1.50,1.50
2013.04.11 08:36:26.189,7.50576,7.50747,1.50,1.50
2013.04.11 08:36:27.248,7.50576,7.50747,1.50,1.50
2013.04.11 08:36:27.749,7.50568,7.50747,1.50,1.50
2013.04.11 08:36:33.370,7.50568,7.50744,1.50,1.50
2013.04.11 08:36:33.740,7.50648,7.50757,2.18,1.50
2013.04.11 08:36:33.938,7.50674,7.5082,2.63,1.50
2013.04.11 08:36:34.059,7.50674,7.50835,2.63,1.50
2013.04.11 08:36:34.193,7.50674,7.50858,2.63,1.50
2013.04.11 08:36:34.258,7.50669,7.50858,3.15,1.50
2013.04.11 08:36:34.739,7.50658,7.50845,1.50,1.50
2013.04.11 08:36:34.809,7.50653,7.50843,1.50,2.25
2013.04.11 08:36:35.124,7.50653,7.50843,1.50,3.00
2013.04.11 08:36:35.438,7.50654,7.50843,1.58,3.00
2013.04.11 08:36:39.891,7.50643,7.5083,1.50,1.50
2013.04.11 08:36:39.959,7.50643,7.5083,1.50,1.50
2013.04.11 08:36:40.280,7.50631,7.50813,1.50,2.25
2013.04.11 08:36:40.862,7.50674,7.50813,1.73,2.25
2013.04.11 08:36:41.109,7.5067,7.50848,2.85,3.00
2013.04.11 08:36:41.168,7.50674,7.50864,1.50,3.00
2013.04.11 08:36:41.729,7.50674,7.50864,1.50,3.00
2013.04.11 08:36:42.621,7.50682,7.50864,1.50,1.50
2013.04.11 08:36:42.706,7.50698,7.50872,2.03,2.25
2013.04.11 08:36:42.850,7.50699,7.50887,1.50,2.25
2013.04.11 08:36:43.453,7.507,7.50888,1.50,2.25
2013.04.11 08:36:43.958,7.50691,7.50887,1.50,1.50
2013.04.11 08:36:44.159,7.50695,7.50889,1.50,1.50
2013.04.11 08:36:45.248,7.50689,7.50886,1.50,1.50
2013.04.11 08:36:47.208,7.50683,7.50875,1.50,2.25
2013.04.11 08:36:47.509,7.50687,7.50875,1.50,3.00
2013.04.11 08:36:48.337,7.50689,7.50875,1.73,3.00
2013.04.11 08:36:48.459,7.50686,7.50875,1.50,3.00
2013.04.11 08:36:48.709,7.50687,7.50875,1.50,3.00
2013.04.11 08:36:48.768,7.50691,7.50875,1.50,1.50
2013.04.11 08:36:48.829,7.50691,7.50886,1.50,1.50
2013.04.11 08:36:49.381,7.50691,7.50883,1.50,3.00
2013.04.11 08:36:49.825,7.50695,7.50883,1.50,3.00
2013.04.11 08:36:50.358,7.50699,7.50892,1.50,2.25
2013.04.11 08:36:50.658,7.5069,7.50888,2.25,1.50
2013.04.11 08:36:50.960,7.50685,7.50888,1.50,1.50
2013.04.11 08:36:51.300,7.50685,7.50886,1.50,2.25
2013.04.11 08:36:51.729,7.50698,7.50886,1.50,2.25
2013.04.11 08:36:52.332,7.50694,7.50886,1.50,2.25
2013.04.11 08:36:52.520,7.50694,7.50887,1.50,1.50
2013.04.11 08:36:52.888,7.50698,7.50901,1.50,1.50
2013.04.11 08:36:58.508,7.50691,7.50896,1.50,2.25
2013.04.11 08:36:58.688,7.50674,7.50886,1.50,1.50
2013.04.11 08:37:00.777,7.50682,7.50886,2.25,1.50
2013.04.11 08:37:02.198,7.50691,7.50903,1.50,1.50
2013.04.11 08:37:05.057,7.50702,7.50914,3.00,3.00
2013.04.11 08:37:05.365,7.5071,7.50923,3.00,2.25
2013.04.11 08:37:06.918,7.5071,7.50822,3.00,1.50
2013.04.11 08:37:06.978,7.50655,7.50822,1.50,1.50
2013.04.11 08:37:07.169,7.50648,7.50822,2.25,2.25
2013.04.11 08:37:07.480,7.50727,7.50903,2.48,2.25
2013.04.11 08:37:07.609,7.50737,7.50947,1.50,3.00
2013.04.11 08:37:07.789,7.50753,7.50947,2.19,2.25
2013.04.11 08:37:07.944,7.5077,7.50941,1.13,1.50
2013.04.11 08:37:08.013,7.5076,7.50941,1.13,1.50
2013.04.11 08:37:08.079,7.50758,7.50948,3.00,1.50
2013.04.11 08:37:08.240,7.5074,7.50939,1.50,2.25
2013.04.11 08:37:08.448,7.50751,7.50939,1.50,2.25
2013.04.11 08:37:09.420,7.50751,7.50843,1.50,2.25
2013.04.11 08:37:09.549,7.50708,7.50832,1.50,2.10
2013.04.11 08:37:09.619,7.50667,7.50823,2.25,2.25
2013.04.11 08:37:09.680,7.50658,7.50817,1.50,2.25
2013.04.11 08:37:10.758,7.50658,7.5079,1.50,3.00
2013.04.11 08:37:12.000,7.50728,7.5079,2.63,3.00
2013.04.11 08:37:12.130,7.50728,7.50814,2.63,2.25
2013.04.11 08:37:12.200,7.50727,7.50873,1.58,1.50
2013.04.11 08:37:12.269,7.50727,7.50885,1.58,3.00
2013.04.11 08:37:12.339,7.50727,7.50903,1.58,1.50
2013.04.11 08:37:13.449,7.50745,7.50911,2.78,2.25
2013.04.11 08:37:13.579,7.50745,7.50919,2.78,2.25
2013.04.11 08:37:14.168,7.50707,7.50821,2.25,2.10
2013.04.11 08:37:14.528,7.50657,7.50811,1.88,1.50
2013.04.11 08:37:14.587,7.50657,7.50811,1.50,1.50
2013.04.11 08:37:14.648,7.50657,7.50803,1.50,2.25
2013.04.11 08:37:17.448,7.50616,7.50779,2.33,1.35
2013.04.11 08:37:17.510,7.50591,7.50743,1.50,1.50
2013.04.11 08:37:17.579,7.50591,7.50743,1.50,1.50
2013.04.11 08:37:17.638,7.50579,7.50743,1.50,2.25
2013.04.11 08:37:17.939,7.50669,7.50743,1.73,2.25
2013.04.11 08:37:18.129,7.50678,7.50811,1.73,2.25
2013.04.11 08:37:18.198,7.50678,7.50812,1.73,1.50
2013.04.11 08:37:18.318,7.50678,7.5084,1.73,1.50
2013.04.11 08:37:18.441,7.50678,7.50851,1.73,3.00
2013.04.11 08:37:18.748,7.50679,7.50851,1.50,1.50
2013.04.11 08:37:18.807,7.50679,7.50863,1.50,1.50
2013.04.11 08:37:19.960,7.50679,7.5086,1.50,1.50
2013.04.11 08:37:21.437,7.507,7.50867,1.65,3.00
2013.04.11 08:37:21.678,7.50696,7.50877,2.48,3.00
2013.04.11 08:37:21.861,7.50703,7.50886,1.50,1.50
2013.04.11 08:37:22.108,7.50705,7.50892,1.50,1.50
2013.04.11 08:37:22.469,7.5068,7.50809,1.50,2.18
2013.04.11 08:37:22.600,7.50636,7.50792,2.25,1.50
2013.04.11 08:37:22.669,7.50582,7.50786,1.65,2.25
2013.04.11 08:37:23.128,7.50575,7.50777,1.50,1.50
2013.04.11 08:37:23.551,7.50568,7.50742,1.50,2.25
2013.04.11 08:37:23.950,7.50568,7.50742,1.50,2.25
2013.04.11 08:37:30.126,7.50557,7.50725,1.50,1.50
2013.04.11 08:37:43.438,7.50634,7.50742,2.18,2.25
2013.04.11 08:37:43.558,7.50634,7.50742,2.18,1.50
2013.04.11 08:37:43.678,7.50634,7.50789,2.18,1.50
2013.04.11 08:37:43.745,7.50644,7.50814,1.50,1.50
2013.04.11 08:37:44.648,7.50637,7.50818,2.25,2.10
2013.04.11 08:37:44.989,7.50637,7.50814,1.50,2.25
2013.04.11 08:37:45.978,7.50628,7.50816,2.25,1.50
2013.04.11 08:37:46.949,7.50628,7.50719,2.25,1.58
2013.04.11 08:37:47.078,7.50628,7.50719,1.50,1.58
2013.04.11 08:37:47.138,7.50587,7.50719,2.25,1.58
2013.04.11 08:37:47.398,7.50547,7.50709,2.25,1.50
2013.04.11 08:37:48.219,7.50547,7.50709,2.25,1.50
2013.04.11 08:37:50.605,7.50547,7.50709,2.25,1.50
2013.04.11 08:37:51.632,7.50547,7.50709,2.25,1.50
2013.04.11 08:37:52.129,7.50547,7.50709,2.25,1.50
2013.04.11 08:37:55.222,7.50547,7.50704,1.50,1.50
2013.04.11 08:37:55.599,7.50547,7.50704,1.50,1.50
2013.04.11 08:37:56.140,7.50547,7.50704,2.25,1.50
2013.04.11 08:38:03.856,7.50547,7.50709,1.50,1.50
2013.04.11 08:38:04.499,7.50547,7.50709,2.25,1.50
2013.04.11 08:38:06.219,7.50547,7.50709,2.25,1.50
2013.04.11 08:38:18.512,7.50547,7.5071,2.25,1.50
2013.04.11 08:38:18.861,7.50547,7.5071,2.25,1.50
2013.04.11 08:38:19.192,7.50547,7.5071,2.25,1.50
2013.04.11 08:38:28.103,7.50547,7.50711,2.25,1.50
2013.04.11 08:38:30.469,7.50547,7.50709,2.25,1.50
2013.04.11 08:38:32.170,7.50547,7.50709,2.25,1.50
2013.04.11 08:38:34.532,7.50547,7.50709,2.25,1.50
2013.04.11 08:38:54.631,7.50531,7.50708,1.50,1.50
2013.04.11 08:38:59.573,7.50531,7.50708,1.50,1.50
2013.04.11 08:39:06.832,7.50531,7.50707,1.50,1.50
2013.04.11 08:39:11.198,7.50541,7.5072,1.50,1.50
2013.04.11 08:39:11.379,7.50545,7.50725,1.50,1.50
2013.04.11 08:39:12.160,7.50545,7.50725,1.50,1.50
2013.04.11 08:39:12.349,7.50554,7.50725,1.50,1.50
2013.04.11 08:39:13.100,7.50554,7.50725,1.50,1.50
2013.04.11 08:39:14.738,7.50558,7.50742,1.50,3.00
2013.04.11 08:39:14.799,7.50564,7.50742,1.50,1.50
2013.04.11 08:39:14.980,7.50573,7.50742,1.50,1.50
2013.04.11 08:39:15.890,7.50573,7.50742,1.50,1.50
2013.04.11 08:39:17.155,7.50573,7.50742,1.50,1.50
2013.04.11 08:39:26.561,7.50582,7.50748,1.50,1.50
2013.04.11 08:39:26.690,7.50657,7.50748,1.88,1.50
2013.04.11 08:39:26.820,7.50662,7.50842,1.50,1.50
2013.04.11 08:39:26.951,7.50669,7.5085,1.50,1.13
2013.04.11 08:39:28.212,7.50676,7.50866,3.00,1.50
2013.04.11 08:39:28.280,7.50676,7.50866,3.00,1.50
2013.04.11 08:39:30.171,7.50676,7.50866,3.75,1.50
2013.04.11 08:39:30.419,7.50708,7.50866,1.88,1.50
2013.04.11 08:39:30.742,7.50728,7.50915,3.00,2.10
2013.04.11 08:39:31.049,7.50728,7.5091,3.00,1.73
2013.04.11 08:39:34.589,7.50728,7.50915,3.00,2.03
2013.04.11 08:39:37.020,7.50728,7.50877,3.00,1.50
2013.04.11 08:39:37.149,7.50692,7.50877,1.50,1.50
2013.04.11 08:39:38.253,7.50684,7.50872,2.25,1.50
2013.04.11 08:39:43.739,7.50684,7.50872,3.00,2.25
2013.04.11 08:39:44.310,7.50691,7.50881,2.25,1.50
2013.04.11 08:39:46.200,7.50692,7.50877,1.50,1.50
2013.04.11 08:39:50.630,7.50697,7.50881,1.50,1.50
2013.04.11 08:39:56.449,7.50692,7.50878,1.50,1.50
2013.04.11 08:39:59.620,7.50692,7.50881,1.50,1.50
2013.04.11 08:39:59.688,7.50692,7.50883,1.50,1.50
2013.04.11 08:40:04.648,7.50708,7.50885,1.50,1.50
2013.04.11 08:40:10.199,7.50718,7.50885,1.50,1.50
2013.04.11 08:40:11.215,7.50727,7.50896,1.50,3.23
2013.04.11 08:40:11.766,7.50723,7.50887,1.50,1.50
2013.04.11 08:40:14.724,7.50723,7.50887,1.50,1.50
2013.04.11 08:40:15.149,7.50723,7.50887,1.50,1.50
2013.04.11 08:40:15.649,7.50723,7.50887,1.50,1.50
2013.04.11 08:40:16.210,7.50723,7.50889,1.50,1.50
2013.04.11 08:40:16.674,7.50723,7.50889,1.50,1.50
2013.04.11 08:40:20.320,7.50728,7.50896,1.50,1.50
2013.04.11 08:40:23.278,7.50728,7.50896,1.50,1.50
2013.04.11 08:40:23.409,7.50717,7.50896,1.50,1.50
2013.04.11 08:40:24.668,7.50717,7.50892,1.50,1.50
2013.04.11 08:40:25.140,7.50723,7.50892,1.50,1.50
2013.04.11 08:40:29.211,7.50723,7.50892,1.50,1.50
2013.04.11 08:40:29.520,7.50732,7.50896,1.50,1.50
2013.04.11 08:40:30.180,7.50732,7.50896,1.50,1.50
2013.04.11 08:40:30.810,7.50727,7.50896,1.50,1.50
2013.04.11 08:40:30.972,7.50732,7.50896,1.50,1.50
2013.04.11 08:40:31.660,7.50727,7.50896,1.50,1.50
2013.04.11 08:40:31.729,7.50727,7.50896,1.50,1.50
2013.04.11 08:40:32.181,7.50732,7.50896,1.50,1.50
2013.04.11 08:40:33.110,7.50732,7.50896,1.50,1.50
2013.04.11 08:40:37.460,7.50732,7.50896,1.50,1.50
2013.04.11 08:40:40.189,7.50732,7.50896,1.50,1.50
2013.04.11 08:40:40.706,7.50732,7.50896,1.50,1.50
2013.04.11 08:40:42.298,7.50732,7.50896,1.50,1.50
2013.04.11 08:40:44.390,7.50728,7.50896,1.50,1.50
2013.04.11 08:40:44.460,7.50747,7.50896,1.88,1.50
2013.04.11 08:40:44.710,7.50757,7.50942,2.63,1.50
2013.04.11 08:40:44.780,7.50757,7.50942,2.63,1.50
2013.04.11 08:40:45.589,7.50758,7.50946,2.25,1.50
2013.04.11 08:40:47.808,7.50758,7.50948,2.25,1.50
2013.04.11 08:40:48.510,7.50768,7.50954,2.63,1.50
2013.04.11 08:41:08.738,7.50788,7.50981,1.50,1.50
2013.04.11 08:41:25.939,7.50792,7.50981,1.50,1.50
2013.04.11 08:41:26.648,7.5077,7.50981,1.50,1.50
2013.04.11 08:41:26.708,7.50828,7.50981,1.50,1.50
2013.04.11 08:41:26.767,7.50828,7.5099,1.50,3.00
2013.04.11 08:41:26.828,7.50837,7.5099,1.88,3.00
2013.04.11 08:41:26.970,7.50867,7.51042,1.88,2.25
2013.04.11 08:41:27.278,7.50908,7.51033,1.88,1.50
2013.04.11 08:41:27.337,7.50908,7.51042,1.88,1.50
2013.04.11 08:41:27.398,7.50908,7.51042,1.88,2.25
2013.04.11 08:41:27.458,7.50908,7.51042,1.88,2.25
2013.04.11 08:41:27.517,7.50908,7.51042,1.88,1.50
2013.04.11 08:41:27.577,7.50867,7.51042,2.25,1.50
2013.04.11 08:41:27.698,7.50868,7.51042,1.88,2.25
2013.04.11 08:41:27.763,7.50868,7.51042,3.68,2.25
2013.04.11 08:41:27.888,7.50878,7.51042,1.50,1.50
2013.04.11 08:41:28.128,7.50858,7.51042,1.50,2.25
2013.04.11 08:41:29.104,7.50858,7.51048,1.50,1.50
2013.04.11 08:41:29.422,7.50832,7.5099,1.50,1.95
2013.04.11 08:41:29.490,7.508,7.50988,2.25,1.50
2013.04.11 08:41:29.559,7.50805,7.50988,1.50,1.50
2013.04.11 08:41:29.919,7.50804,7.50986,1.50,1.50
2013.04.11 08:41:30.422,7.50803,7.50989,1.50,1.50
2013.04.11 08:41:31.319,7.50886,7.50986,1.50,1.50
2013.04.11 08:41:31.626,7.50917,7.50992,4.20,2.25
2013.04.11 08:41:31.879,7.50907,7.51017,1.50,2.48
2013.04.11 08:41:31.939,7.50853,7.51016,2.11,1.50
2013.04.11 08:41:32.131,7.50852,7.51016,1.45,1.50
2013.04.11 08:41:32.201,7.50852,7.51016,1.45,1.50
2013.04.11 08:41:32.332,7.50835,7.51016,1.13,1.50
2013.04.11 08:41:32.401,7.50831,7.51021,1.50,3.00
2013.04.11 08:41:32.650,7.5084,7.51021,1.50,1.50
2013.04.11 08:41:33.083,7.50846,7.51023,1.50,1.50
2013.04.11 08:41:33.520,7.50829,7.51018,1.50,1.50
2013.04.11 08:41:33.590,7.50829,7.51016,1.50,1.50
2013.04.11 08:41:34.670,7.50832,7.51016,1.50,1.50
2013.04.11 08:41:36.152,7.50832,7.51016,1.50,1.50
2013.04.11 08:41:39.895,7.50828,7.51012,1.50,1.50
2013.04.11 08:41:40.424,7.50832,7.51017,1.50,1.50
2013.04.11 08:41:47.592,7.50827,7.51013,1.50,1.50
2013.04.11 08:41:47.922,7.50832,7.51017,1.50,1.50
2013.04.11 08:41:48.699,7.50831,7.51013,1.50,1.50
2013.04.11 08:41:49.009,7.50832,7.5102,1.50,2.25
2013.04.11 08:41:50.320,7.50836,7.5102,1.50,2.25
2013.04.11 08:41:53.909,7.50836,7.51023,1.50,1.50
2013.04.11 08:42:00.211,7.50837,7.51023,1.50,1.50
2013.04.11 08:42:03.661,7.50843,7.51024,1.50,1.50
2013.04.11 08:42:04.719,7.50843,7.51024,1.50,1.50
2013.04.11 08:42:06.313,7.50843,7.51027,1.50,1.50
2013.04.11 08:42:08.400,7.50843,7.51027,1.50,1.50
2013.04.11 08:42:10.389,7.50845,7.51025,1.50,1.50
2013.04.11 08:42:10.519,7.50847,7.51025,1.50,1.50
2013.04.11 08:42:10.950,7.50851,7.51029,1.50,1.50
2013.04.11 08:42:11.960,7.50851,7.51029,1.50,1.50
2013.04.11 08:42:12.151,7.50851,7.51029,1.50,1.50
2013.04.11 08:42:15.092,7.50851,7.51029,1.50,1.50
2013.04.11 08:42:17.140,7.50849,7.51029,1.50,1.50
2013.04.11 08:42:20.749,7.50849,7.51029,1.50,1.50
2013.04.11 08:42:21.140,7.50848,7.51032,1.50,3.00
2013.04.11 08:42:21.408,7.50853,7.51032,1.50,3.00
2013.04.11 08:42:22.129,7.50853,7.51032,1.50,3.00
2013.04.11 08:42:26.422,7.50853,7.51032,1.50,3.00
2013.04.11 08:42:26.650,7.50853,7.51032,1.50,3.00
2013.04.11 08:42:27.429,7.50848,7.5103,1.50,1.50
2013.04.11 08:42:27.919,7.50848,7.5103,1.50,3.75
2013.04.11 08:42:31.422,7.50849,7.51028,1.50,1.50
2013.04.11 08:42:32.714,7.50849,7.51028,1.50,1.50
2013.04.11 08:42:35.911,7.50849,7.51028,1.50,1.50
2013.04.11 08:42:36.039,7.50854,7.51028,1.50,1.50
2013.04.11 08:42:36.098,7.50849,7.51028,1.50,1.50
2013.04.11 08:42:36.628,7.50849,7.51028,1.50,1.50
2013.04.11 08:42:38.264,7.50853,7.51032,1.50,1.50
2013.04.11 08:42:40.180,7.50855,7.51034,1.50,1.50
2013.04.11 08:42:52.679,7.50855,7.51033,1.50,1.50
2013.04.11 08:42:53.659,7.50858,7.51037,1.50,1.50
2013.04.11 08:42:58.360,7.50858,7.51037,1.50,1.50
2013.04.11 08:42:59.668,7.50858,7.51037,1.50,1.50
2013.04.11 08:43:00.226,7.50858,7.51038,1.50,1.50
2013.04.11 08:43:01.090,7.50858,7.51038,1.50,1.50
2013.04.11 08:43:02.162,7.50858,7.51038,1.50,1.50
2013.04.11 08:43:08.758,7.50857,7.51041,1.50,1.50
2013.04.11 08:43:10.298,7.50863,7.51041,1.50,1.50
2013.04.11 08:43:11.920,7.50862,7.51042,1.50,1.50
2013.04.11 08:43:14.422,7.50862,7.51042,1.50,1.50
2013.04.11 08:43:20.587,7.50863,7.51041,1.50,1.50
2013.04.11 08:43:23.080,7.50859,7.51008,1.50,1.88
2013.04.11 08:43:23.209,7.50838,7.51008,2.63,1.88
2013.04.11 08:43:23.269,7.50838,7.50999,1.88,1.50
2013.04.11 08:43:23.329,7.50817,7.50998,1.50,1.50
2013.04.11 08:43:23.449,7.50858,7.51005,2.25,2.25
2013.04.11 08:43:23.518,7.50843,7.51005,2.03,2.25
2013.04.11 08:43:23.580,7.50843,7.51009,2.78,1.50
2013.04.11 08:43:23.648,7.50843,7.51032,2.78,1.50
2013.04.11 08:43:23.710,7.50853,7.51032,1.50,1.50
2013.04.11 08:43:24.529,7.5084,7.5102,1.50,1.50
2013.04.11 08:43:24.720,7.50858,7.51037,1.50,1.50
2013.04.11 08:43:30.501,7.50848,7.51028,2.63,1.65
2013.04.11 08:43:30.571,7.50841,7.51019,1.50,1.50
2013.04.11 08:43:31.560,7.50838,7.50972,1.50,2.48
2013.04.11 08:43:31.630,7.50838,7.50972,1.50,2.48
2013.04.11 08:43:32.561,7.50843,7.50972,1.50,2.48
2013.04.11 08:43:34.520,7.50843,7.5097,1.50,2.03
2013.04.11 08:43:34.860,7.50838,7.5097,1.50,2.03
2013.04.11 08:43:35.209,7.50843,7.5097,1.50,2.03
2013.04.11 08:43:39.456,7.5085,7.50968,1.50,2.10
2013.04.11 08:43:40.707,7.50838,7.50973,1.50,1.50
2013.04.11 08:43:42.311,7.5085,7.50973,1.50,1.50
2013.04.11 08:43:46.227,7.50847,7.50973,1.50,1.50
2013.04.11 08:43:46.407,7.5085,7.50968,1.50,2.18
2013.04.11 08:43:48.103,7.5085,7.50968,1.50,2.18
2013.04.11 08:43:56.657,7.5085,7.50974,1.50,2.10
2013.04.11 08:43:58.190,7.5085,7.50974,1.50,2.10
2013.04.11 08:44:02.378,7.5085,7.50969,1.50,2.70
2013.04.11 08:44:02.618,7.5085,7.50975,1.50,2.18
2013.04.11 08:44:04.170,7.5085,7.50975,1.50,2.18
2013.04.11 08:44:04.560,7.50848,7.50975,1.50,2.18
2013.04.11 08:44:05.928,7.5085,7.50975,1.50,2.18
2013.04.11 08:44:06.920,7.50847,7.50975,1.50,2.18
2013.04.11 08:44:09.582,7.5085,7.50975,1.50,2.18
2013.04.11 08:44:09.860,7.50847,7.50975,1.50,2.18
2013.04.11 08:44:10.483,7.50847,7.50974,1.50,2.63
2013.04.11 08:44:12.660,7.50837,7.50979,1.50,2.48
2013.04.11 08:44:12.789,7.50837,7.50979,3.38,2.48
2013.04.11 08:44:18.519,7.50847,7.50975,1.50,1.50
2013.04.11 08:44:20.199,7.50847,7.50974,1.50,2.33
2013.04.11 08:44:23.739,7.50847,7.50975,1.50,1.65
2013.04.11 08:44:28.688,7.50837,7.50979,1.50,2.40
2013.04.11 08:44:30.104,7.50837,7.50978,3.38,2.93
2013.04.11 08:44:34.438,7.50837,7.50974,2.63,1.50
2013.04.11 08:44:44.888,7.50837,7.50979,2.63,1.73
2013.04.11 08:44:50.075,7.50837,7.50978,2.63,2.93
2013.04.11 08:44:50.429,7.50833,7.50974,3.00,2.55
2013.04.11 08:44:53.662,7.50833,7.50974,1.50,2.55
2013.04.11 08:44:57.228,7.5083,7.50968,3.00,2.70
2013.04.11 08:44:58.147,7.5083,7.50971,3.00,1.95
2013.04.11 08:45:00.758,7.50837,7.50976,2.63,1.88
2013.04.11 08:45:06.487,7.50848,7.50972,1.50,2.63
2013.04.11 08:45:16.758,7.50837,7.50975,2.63,2.93
2013.04.11 08:45:20.128,7.50847,7.50976,1.50,2.48
2013.04.11 08:45:22.489,7.50847,7.50973,1.50,1.88
2013.04.11 08:45:22.618,7.50847,7.50973,1.50,1.88
2013.04.11 08:45:22.930,7.50837,7.50977,3.38,1.50
2013.04.11 08:45:30.189,7.50847,7.50976,1.50,2.33
2013.04.11 08:45:32.792,7.50847,7.5098,1.50,2.93
2013.04.11 08:45:38.441,7.50848,7.50975,1.50,2.40
2013.04.11 08:45:39.567,7.50848,7.50975,1.50,2.40
2013.04.11 08:45:40.267,7.50848,7.50976,1.50,1.80
2013.04.11 08:45:48.737,7.50837,7.5098,2.63,2.33
2013.04.11 08:45:50.432,7.50838,7.50981,1.50,2.85
2013.04.11 08:45:54.519,7.50837,7.50976,2.63,2.33
2013.04.11 08:46:04.629,7.50847,7.50982,1.50,1.80
2013.04.11 08:46:06.162,7.50855,7.50982,1.50,1.80
2013.04.11 08:46:08.576,7.50838,7.50982,1.50,1.80
2013.04.11 08:46:10.510,7.50848,7.50977,1.50,1.58
2013.04.11 08:46:20.748,7.50848,7.50982,1.50,1.88
2013.04.11 08:46:22.151,7.50856,7.50982,1.50,1.88
2013.04.11 08:46:26.366,7.50848,7.50982,1.50,1.88
2013.04.11 08:46:26.428,7.50848,7.50977,1.50,1.50
2013.04.11 08:46:26.547,7.50848,7.50977,1.50,1.50
2013.04.11 08:46:36.117,7.50848,7.50918,1.50,3.31
2013.04.11 08:46:36.370,7.50769,7.50899,2.25,1.73
2013.04.11 08:46:36.439,7.50769,7.50903,2.25,1.88
2013.04.11 08:46:37.389,7.50767,7.50903,1.50,1.88
2013.04.11 08:46:39.128,7.50772,7.50903,1.50,1.88
2013.04.11 08:46:52.623,7.50772,7.50903,1.50,1.88
2013.04.11 08:46:52.689,7.50772,7.50907,1.50,1.58
2013.04.11 08:46:52.998,7.50772,7.50911,1.50,2.10
2013.04.11 08:46:53.670,7.50757,7.50911,3.38,2.10
2013.04.11 08:46:55.599,7.50772,7.50911,1.50,2.10
2013.04.11 08:46:55.870,7.50768,7.50911,1.50,2.10
2013.04.11 08:46:57.700,7.50768,7.50911,1.50,2.10
2013.04.11 08:46:58.769,7.50757,7.50904,1.50,1.73
2013.04.11 08:47:00.143,7.50757,7.50905,1.50,2.70
2013.04.11 08:47:03.990,7.50773,7.50905,1.50,2.70
2013.04.11 08:47:04.919,7.50757,7.50905,1.50,2.70
2013.04.11 08:47:06.388,7.50773,7.50905,1.50,2.70
2013.04.11 08:47:08.719,7.50757,7.5091,1.50,2.18
2013.04.11 08:47:08.920,7.50758,7.50914,3.38,2.18
2013.04.11 08:47:10.089,7.50758,7.50915,3.38,1.95
2013.04.11 08:47:11.749,7.50773,7.50915,1.50,1.95
2013.04.11 08:47:11.879,7.50767,7.50915,1.50,1.95
2013.04.11 08:47:14.312,7.50767,7.50915,1.50,1.95
2013.04.11 08:47:14.789,7.50758,7.5091,2.25,2.33
2013.04.11 08:47:20.059,7.50758,7.50911,1.50,1.58
2013.04.11 08:47:23.239,7.50774,7.50911,1.50,1.58
2013.04.11 08:47:24.609,7.50758,7.50911,1.50,1.58
2013.04.11 08:47:24.728,7.50758,7.50916,1.50,1.73
2013.04.11 08:47:25.148,7.50758,7.5092,1.50,2.10
2013.04.11 08:47:30.180,7.50767,7.50922,1.50,2.10
2013.04.11 08:47:30.768,7.5075,7.50913,3.00,2.70
2013.04.11 08:47:31.509,7.5075,7.50937,3.00,2.40
2013.04.11 08:47:31.769,7.5076,7.50943,1.50,1.50
2013.04.11 08:47:33.117,7.5077,7.50972,3.00,2.25
2013.04.11 08:47:41.397,7.50779,7.50991,2.25,2.25
2013.04.11 08:47:46.567,7.50787,7.50999,3.00,3.00
2013.04.11 08:48:19.297,7.50787,7.50991,1.50,2.25
2013.04.11 08:48:22.167,7.50789,7.5099,2.25,1.50
2013.04.11 08:48:36.572,7.50782,7.50992,3.00,1.50
2013.04.11 08:48:39.447,7.5079,7.51002,2.25,2.25
2013.04.11 08:48:50.489,7.50801,7.51003,2.25,2.25
2013.04.11 08:48:50.619,7.50812,7.51003,3.00,1.50
2013.04.11 08:48:58.429,7.50804,7.51018,3.00,3.00
2013.04.11 08:49:00.418,7.50797,7.51009,2.25,3.00
2013.04.11 08:49:01.995,7.5083,7.51009,1.95,3.00
2013.04.11 08:49:04.571,7.50823,7.51009,1.65,3.00
2013.04.11 08:49:09.479,7.50822,7.51009,2.85,3.00
2013.04.11 08:49:20.048,7.50821,7.51009,2.25,3.00
2013.04.11 08:49:20.740,7.50821,7.51006,2.25,3.00
2013.04.11 08:49:41.439,7.50821,7.51011,3.00,3.00
2013.04.11 08:49:50.444,7.50821,7.51011,1.50,3.00
2013.04.11 08:49:56.249,7.50828,7.51011,2.78,3.00
2013.04.11 08:49:56.888,7.50832,7.51011,2.93,3.00
2013.04.11 08:49:57.788,7.50836,7.51011,1.88,3.00
2013.04.11 08:50:02.002,7.50836,7.51012,1.88,3.00
2013.04.11 08:50:09.227,7.50841,7.51012,2.55,3.00
2013.04.11 08:50:16.979,7.50827,7.51012,2.25,3.00
2013.04.11 08:50:22.012,7.50827,7.51007,2.25,3.00
2013.04.11 08:50:40.083,7.50826,7.51007,2.40,3.00
2013.04.11 08:50:42.460,7.50826,7.51008,2.40,2.25
2013.04.11 08:51:00.157,7.50825,7.51008,2.93,2.25
2013.04.11 08:51:02.669,7.50825,7.51013,3.68,2.25
2013.04.11 08:51:11.811,7.50829,7.51013,2.55,2.25
2013.04.11 08:51:20.229,7.5083,7.51013,2.93,2.25
2013.04.11 08:51:22.639,7.5083,7.51012,2.93,2.25
2013.04.11 08:52:04.650,7.5083,7.51008,2.93,2.25
2013.04.11 08:52:12.688,7.50835,7.51008,2.55,2.25
2013.04.11 08:52:13.048,7.50839,7.51008,2.10,2.25
2013.04.11 08:52:24.708,7.50839,7.51012,2.10,3.00
2013.04.11 08:52:45.697,7.50839,7.51013,2.10,3.00
2013.04.11 08:53:06.627,7.50839,7.51015,2.10,3.00
2013.04.11 08:53:13.305,7.50801,7.51015,3.00,3.00
2013.04.11 08:53:25.579,7.50832,7.51015,2.55,3.00
2013.04.11 08:53:27.248,7.50832,7.51012,2.55,1.50
2013.04.11 08:53:30.901,7.50831,7.51012,1.65,1.50
2013.04.11 08:53:42.397,7.50823,7.51012,1.50,1.50
2013.04.11 08:53:47.928,7.50819,7.51009,1.50,3.00
2013.04.11 08:54:28.479,7.50818,7.51008,1.50,2.25
2013.04.11 08:54:33.934,7.50826,7.51015,1.50,1.50
2013.04.11 08:54:34.299,7.50826,7.51015,1.50,1.50
2013.04.11 08:54:36.479,7.50826,7.51015,1.50,1.50
2013.04.11 08:54:40.429,7.50826,7.51015,2.55,1.50
2013.04.11 08:54:43.528,7.50826,7.51015,1.50,1.50
2013.04.11 08:54:53.849,7.50824,7.51014,1.50,3.00
2013.04.11 08:54:54.199,7.50822,7.51014,1.50,3.00
2013.04.11 08:54:54.630,7.50856,7.51014,2.10,3.00
2013.04.11 08:54:54.825,7.50856,7.51014,2.10,1.50
2013.04.11 08:54:55.320,7.50856,7.51033,2.10,1.50
2013.04.11 08:55:00.020,7.50831,7.51021,1.50,1.50
2013.04.11 08:55:00.210,7.50832,7.51022,1.50,3.00
2013.04.11 08:55:04.740,7.5082,7.51013,1.50,1.50
2013.04.11 08:55:05.180,7.5082,7.51013,1.50,3.00
2013.04.11 08:55:05.836,7.50825,7.51013,1.50,2.25
2013.04.11 08:55:06.650,7.50816,7.51006,3.68,3.00
2013.04.11 08:55:26.616,7.50816,7.51004,3.68,3.00
2013.04.11 08:55:31.859,7.50819,7.51004,1.88,3.00
2013.04.11 08:55:32.340,7.50824,7.51004,1.50,3.00
2013.04.11 08:55:34.601,7.50816,7.51004,1.50,3.00
2013.04.11 08:55:36.699,7.50819,7.51004,2.78,3.00
2013.04.11 08:55:37.000,7.50824,7.51004,1.80,3.00
2013.04.11 08:55:37.129,7.50824,7.51004,2.55,1.50
2013.04.11 08:55:39.989,7.50824,7.51012,1.50,2.25
2013.04.11 08:55:44.729,7.50827,7.51012,2.33,2.25
2013.04.11 08:55:45.089,7.50831,7.51012,2.33,2.25
2013.04.11 08:55:57.540,7.50831,7.51013,2.33,1.50
2013.04.11 08:56:32.468,7.50824,7.51017,1.50,2.25
2013.04.11 08:56:35.518,7.50818,7.51007,1.50,1.50
2013.04.11 08:56:40.130,7.50818,7.51007,1.50,1.50
2013.04.11 08:57:29.568,7.50836,7.51007,2.85,1.50
2013.04.11 08:57:29.628,7.50836,7.51016,2.85,1.50
2013.04.11 08:57:30.170,7.50835,7.51016,1.95,1.50
2013.04.11 08:57:30.748,7.50827,7.51016,1.50,1.50
2013.04.11 08:57:30.870,7.50836,7.51016,2.48,1.50
2013.04.11 08:57:32.432,7.50856,7.51016,1.73,1.50
2013.04.11 08:57:32.501,7.50856,7.51016,1.73,1.50
2013.04.11 08:57:33.322,7.50856,7.51043,1.73,2.25
2013.04.11 08:57:35.061,7.50856,7.5103,1.73,1.58
2013.04.11 08:57:35.371,7.50806,7.50993,1.50,2.25
2013.04.11 08:57:35.440,7.50805,7.50993,1.50,2.25
2013.04.11 08:57:36.862,7.50797,7.50969,1.50,1.50
2013.04.11 08:57:37.051,7.50786,7.50967,1.50,2.25
2013.04.11 08:57:37.121,7.50778,7.50962,1.50,1.50
2013.04.11 08:57:38.130,7.50778,7.50953,1.50,2.25
2013.04.11 08:57:39.230,7.50778,7.50953,1.50,2.25
2013.04.11 08:57:40.685,7.50784,7.50953,1.50,2.25
2013.04.11 08:57:41.119,7.50784,7.50961,1.50,2.25
