2013.04.05 08:00:04.056,7.45705,7.45879,1.65,1.65
2013.04.05 08:00:05.112,7.45713,7.45894,1.65,1.65
2013.04.05 08:00:09.373,7.45705,7.45879,1.65,1.65
2013.04.05 08:00:09.725,7.45705,7.45879,1.65,1.65
2013.04.05 08:00:12.354,7.45705,7.45879,1.65,1.65
2013.04.05 08:00:12.905,7.45705,7.45879,1.65,1.65
2013.04.05 08:00:23.696,7.45704,7.45893,1.65,1.65
2013.04.05 08:00:30.117,7.45704,7.45893,1.65,1.65
2013.04.05 08:00:41.934,7.45704,7.45879,1.65,1.65
2013.04.05 08:00:42.784,7.45704,7.45892,1.65,1.65
2013.04.05 08:00:46.683,7.45704,7.45892,1.65,1.65
2013.04.05 08:00:50.948,7.45704,7.45879,1.65,1.65
2013.04.05 08:01:07.807,7.45702,7.45893,1.65,1.65
2013.04.05 08:01:22.098,7.45702,7.45893,1.65,1.65
2013.04.05 08:01:42.514,7.45703,7.45893,1.65,1.65
2013.04.05 08:02:27.295,7.45697,7.45895,2.40,3.90
2013.04.05 08:02:28.355,7.45697,7.45893,1.65,1.65
2013.04.05 08:02:29.156,7.45692,7.45871,1.65,1.65
2013.04.05 08:02:30.697,7.45692,7.45882,1.65,1.65
2013.04.05 08:02:32.090,7.45707,7.45895,1.65,3.90
2013.04.05 08:02:32.743,7.45708,7.45898,1.65,1.65
2013.04.05 08:02:37.504,7.45696,7.4588,1.65,1.65
2013.04.05 08:02:37.684,7.45696,7.45873,1.65,1.65
2013.04.05 08:02:38.886,7.45668,7.45858,1.65,1.65
2013.04.05 08:02:41.583,7.45681,7.45851,1.65,1.65
2013.04.05 08:02:41.909,7.4569,7.45851,1.13,1.50
2013.04.05 08:02:42.052,7.45692,7.45875,1.65,1.65
2013.04.05 08:02:42.115,7.45703,7.45875,1.65,1.65
2013.04.05 08:02:42.248,7.45694,7.45875,1.65,1.65
2013.04.05 08:02:43.083,7.45708,7.45875,1.65,1.65
2013.04.05 08:02:43.180,7.45709,7.45875,1.65,1.65
2013.04.05 08:02:44.164,7.45709,7.45875,1.65,1.65
2013.04.05 08:02:57.315,7.45709,7.45874,1.65,1.65
2013.04.05 08:02:57.754,7.45709,7.45882,1.65,1.65
2013.04.05 08:02:57.873,7.45717,7.45882,1.65,1.65
2013.04.05 08:02:57.934,7.45717,7.45882,1.65,1.65
2013.04.05 08:02:59.014,7.45717,7.45882,1.65,1.65
2013.04.05 08:02:59.732,7.45717,7.45882,1.65,1.65
2013.04.05 08:03:01.914,7.45717,7.45882,1.65,1.65
2013.04.05 08:03:02.643,7.45717,7.45882,1.65,1.65
2013.04.05 08:03:15.636,7.45717,7.45881,1.65,1.65
2013.04.05 08:03:26.827,7.45711,7.45879,1.65,1.65
2013.04.05 08:03:30.238,7.45697,7.45879,1.65,1.65
2013.04.05 08:03:30.380,7.45707,7.45879,1.65,1.65
2013.04.05 08:03:30.896,7.45699,7.45874,1.65,1.65
2013.04.05 08:03:31.226,7.4569,7.45873,1.13,3.15
2013.04.05 08:03:31.738,7.4569,7.45867,1.13,2.25
2013.04.05 08:03:31.806,7.45706,7.4587,1.65,1.50
2013.04.05 08:03:31.878,7.45706,7.45874,1.65,1.65
2013.04.05 08:03:37.754,7.45706,7.45874,1.65,1.65
2013.04.05 08:03:40.173,7.45706,7.45876,1.65,1.65
2013.04.05 08:03:50.378,7.45714,7.45878,1.50,1.65
2013.04.05 08:03:50.494,7.45714,7.45878,1.50,1.65
2013.04.05 08:03:50.895,7.45714,7.45878,1.50,1.65
2013.04.05 08:03:53.300,7.45714,7.45878,1.50,1.65
2013.04.05 08:03:53.682,7.45714,7.45878,1.50,1.65
2013.04.05 08:03:55.664,7.45714,7.45878,1.65,1.65
2013.04.05 08:03:57.187,7.45714,7.45878,1.65,1.65
2013.04.05 08:03:58.495,7.45714,7.45878,1.65,1.65
2013.04.05 08:03:59.605,7.45714,7.45878,1.65,1.65
2013.04.05 08:04:01.697,7.45714,7.45878,1.65,1.65
2013.04.05 08:04:02.400,7.45714,7.45878,1.65,1.65
2013.04.05 08:04:08.133,7.45714,7.45878,1.65,1.65
2013.04.05 08:04:16.667,7.45713,7.45877,1.65,1.65
2013.04.05 08:04:19.106,7.45713,7.45877,1.65,1.65
2013.04.05 08:04:19.547,7.45713,7.45877,1.65,1.65
2013.04.05 08:04:20.865,7.45713,7.45877,1.65,1.65
2013.04.05 08:04:22.076,7.45713,7.45877,1.65,1.65
2013.04.05 08:04:25.077,7.45713,7.45877,1.65,1.65
2013.04.05 08:04:30.155,7.45715,7.45881,1.65,1.65
2013.04.05 08:04:30.986,7.45715,7.45881,1.65,1.65
2013.04.05 08:05:23.095,7.45689,7.45879,3.38,2.40
2013.04.05 08:05:27.693,7.45689,7.45879,3.38,2.40
2013.04.05 08:05:29.165,7.4569,7.45879,1.65,1.65
2013.04.05 08:05:38.907,7.45695,7.45879,1.13,1.65
2013.04.05 08:05:39.703,7.45691,7.4588,3.15,1.13
2013.04.05 08:05:39.944,7.4567,7.45862,3.38,1.65
2013.04.05 08:05:40.885,7.4567,7.45852,1.13,1.65
2013.04.05 08:05:42.195,7.4567,7.45849,1.13,1.50
2013.04.05 08:05:49.618,7.45685,7.45849,1.13,1.50
2013.04.05 08:05:49.684,7.45691,7.45853,1.13,1.50
2013.04.05 08:05:49.805,7.45694,7.45858,1.13,1.50
2013.04.05 08:05:49.934,7.45694,7.45882,1.13,2.40
2013.04.05 08:05:49.993,7.45695,7.45878,1.13,1.65
2013.04.05 08:05:51.214,7.45695,7.45873,1.13,1.50
2013.04.05 08:05:52.158,7.45695,7.45873,1.13,1.50
2013.04.05 08:05:56.710,7.45695,7.45873,1.13,1.50
2013.04.05 08:05:58.171,7.45695,7.45873,1.13,1.50
2013.04.05 08:06:01.855,7.45695,7.45873,1.13,1.50
2013.04.05 08:06:07.088,7.45695,7.45873,1.13,1.50
2013.04.05 08:06:07.732,7.45694,7.45873,1.13,1.50
2013.04.05 08:06:08.735,7.45694,7.45873,1.13,1.50
2013.04.05 08:06:08.820,7.45694,7.45873,1.13,1.50
2013.04.05 08:06:10.161,7.45694,7.45873,1.13,1.50
2013.04.05 08:06:11.225,7.45694,7.45874,1.13,1.50
2013.04.05 08:06:12.918,7.45694,7.45874,1.13,1.50
2013.04.05 08:06:17.195,7.45694,7.45874,1.13,1.50
2013.04.05 08:06:19.695,7.45694,7.45874,1.13,1.50
2013.04.05 08:06:19.757,7.45694,7.45874,1.13,1.50
2013.04.05 08:06:19.930,7.45694,7.45874,1.13,1.50
2013.04.05 08:06:20.716,7.45694,7.45874,1.13,1.50
2013.04.05 08:06:25.649,7.45694,7.45874,1.13,1.50
2013.04.05 08:06:25.718,7.45689,7.45874,1.13,1.65
2013.04.05 08:06:31.066,7.45688,7.45874,2.63,1.50
2013.04.05 08:06:31.193,7.45686,7.45843,2.25,1.50
2013.04.05 08:06:31.316,7.45648,7.45824,1.50,1.95
2013.04.05 08:06:31.386,7.45648,7.45824,1.50,1.95
2013.04.05 08:06:31.754,7.45629,7.45817,3.00,1.50
2013.04.05 08:06:32.324,7.45629,7.45817,3.00,1.50
2013.04.05 08:06:32.445,7.45629,7.45813,3.00,1.13
2013.04.05 08:06:32.705,7.45607,7.45803,3.15,1.65
2013.04.05 08:06:37.096,7.45604,7.45803,1.65,2.40
2013.04.05 08:06:45.855,7.45599,7.45788,1.13,1.65
2013.04.05 08:06:48.214,7.45598,7.45806,3.15,1.13
2013.04.05 08:06:48.506,7.45598,7.45797,1.65,2.40
2013.04.05 08:06:49.735,7.45597,7.45783,2.40,1.65
2013.04.05 08:06:50.175,7.45597,7.4578,2.40,1.65
2013.04.05 08:06:50.896,7.45597,7.45792,2.40,1.65
2013.04.05 08:06:52.686,7.45597,7.45792,2.40,1.65
2013.04.05 08:06:53.014,7.45597,7.4579,2.40,2.40
2013.04.05 08:06:53.074,7.45597,7.45791,2.40,1.65
2013.04.05 08:06:53.576,7.45597,7.45791,2.40,2.40
2013.04.05 08:06:56.436,7.45601,7.4579,1.50,1.50
2013.04.05 08:06:56.565,7.4561,7.4579,1.50,1.50
2013.04.05 08:06:57.345,7.45614,7.45804,1.50,3.00
2013.04.05 08:06:57.656,7.45619,7.45804,1.50,1.50
2013.04.05 08:06:58.157,7.45619,7.45762,1.50,1.88
2013.04.05 08:06:58.475,7.45546,7.45726,2.25,1.13
2013.04.05 08:06:58.835,7.4552,7.45692,1.50,2.25
2013.04.05 08:06:58.910,7.4552,7.45692,1.88,1.88
2013.04.05 08:06:58.975,7.45523,7.45702,1.65,1.65
2013.04.05 08:06:59.827,7.45527,7.45716,1.65,1.13
2013.04.05 08:07:00.158,7.45563,7.45722,1.58,2.63
2013.04.05 08:07:00.357,7.45563,7.4575,1.58,2.25
2013.04.05 08:07:00.426,7.45573,7.45753,1.50,2.25
2013.04.05 08:07:00.499,7.45569,7.45753,1.65,2.40
2013.04.05 08:07:00.887,7.4556,7.45723,1.13,2.25
2013.04.05 08:07:01.627,7.4556,7.45731,1.13,2.25
2013.04.05 08:07:02.676,7.45561,7.45749,1.65,2.40
2013.04.05 08:07:08.484,7.45557,7.45749,2.63,2.25
2013.04.05 08:07:08.664,7.45568,7.4575,2.25,1.50
2013.04.05 08:07:10.714,7.45568,7.45779,2.25,2.25
2013.04.05 08:07:30.675,7.45567,7.45732,2.25,1.50
2013.04.05 08:07:30.914,7.45507,7.45686,2.63,1.13
2013.04.05 08:07:31.054,7.45497,7.45678,1.65,1.65
2013.04.05 08:07:31.114,7.45488,7.45678,1.65,3.15
2013.04.05 08:07:31.173,7.45488,7.45675,1.65,1.13
2013.04.05 08:07:31.474,7.45497,7.45675,1.50,1.13
2013.04.05 08:07:32.379,7.45483,7.45672,1.65,1.65
2013.04.05 08:07:34.274,7.45492,7.45675,1.65,1.13
2013.04.05 08:07:38.164,7.45492,7.45675,1.65,1.13
2013.04.05 08:07:43.936,7.45495,7.45666,1.50,1.65
2013.04.05 08:07:44.184,7.45495,7.4567,1.50,1.65
2013.04.05 08:07:45.255,7.45496,7.45673,1.50,1.65
2013.04.05 08:07:46.222,7.45496,7.45673,1.65,1.65
2013.04.05 08:07:58.855,7.45498,7.45672,1.50,1.65
2013.04.05 08:08:14.605,7.45498,7.45672,1.50,1.65
2013.04.05 08:08:34.645,7.45498,7.45672,1.50,1.65
2013.04.05 08:08:37.582,7.45498,7.45672,1.65,1.65
2013.04.05 08:08:38.835,7.45495,7.45667,1.50,1.65
2013.04.05 08:08:41.310,7.45489,7.45663,1.50,1.65
2013.04.05 08:08:41.959,7.45489,7.45654,1.50,1.65
2013.04.05 08:08:48.396,7.45489,7.45663,1.50,2.40
2013.04.05 08:08:50.146,7.45489,7.45663,1.50,2.40
2013.04.05 08:09:02.548,7.45479,7.45643,2.55,2.40
2013.04.05 08:09:04.374,7.45479,7.45643,2.55,2.40
2013.04.05 08:09:12.440,7.45485,7.45643,1.65,1.65
2013.04.05 08:09:12.716,7.45479,7.45631,2.40,1.13
2013.04.05 08:09:12.787,7.45462,7.45629,1.50,1.65
2013.04.05 08:09:12.856,7.45463,7.45627,1.13,1.65
2013.04.05 08:09:13.679,7.45463,7.45627,1.50,1.50
2013.04.05 08:09:13.865,7.4548,7.45643,1.65,1.50
2013.04.05 08:09:13.934,7.4548,7.45648,1.65,1.65
2013.04.05 08:09:14.374,7.45471,7.45645,1.65,1.50
2013.04.05 08:09:15.196,7.45468,7.45619,1.50,1.65
2013.04.05 08:09:15.517,7.4547,7.45631,1.65,2.25
2013.04.05 08:09:15.587,7.45466,7.45621,3.08,1.50
2013.04.05 08:09:15.740,7.45476,7.45631,1.65,2.25
2013.04.05 08:09:17.577,7.45476,7.45592,1.65,1.52
2013.04.05 08:09:29.045,7.45471,7.45631,1.65,2.25
2013.04.05 08:09:29.937,7.45471,7.45621,1.65,1.50
2013.04.05 08:09:36.255,7.45466,7.45592,1.65,1.87
2013.04.05 08:09:49.352,7.45459,7.4562,1.13,1.50
2013.04.05 08:09:49.419,7.45457,7.4562,2.78,1.50
2013.04.05 08:09:49.487,7.45452,7.45612,1.65,1.50
2013.04.05 08:09:49.616,7.45439,7.45612,1.13,1.50
2013.04.05 08:09:50.946,7.45435,7.45609,1.13,2.55
2013.04.05 08:09:51.275,7.45432,7.45599,1.13,1.50
2013.04.05 08:09:52.166,7.45432,7.45599,1.13,1.50
2013.04.05 08:10:04.114,7.4543,7.45599,1.13,1.50
2013.04.05 08:10:04.174,7.4543,7.45599,1.13,1.50
2013.04.05 08:10:04.415,7.45427,7.45595,3.75,1.50
2013.04.05 08:10:06.188,7.45427,7.45583,1.88,1.50
2013.04.05 08:10:15.414,7.45427,7.45583,1.65,1.50
2013.04.05 08:10:15.655,7.45408,7.45573,2.25,1.50
2013.04.05 08:10:15.957,7.45398,7.45533,2.25,2.25
2013.04.05 08:10:16.145,7.45343,7.45489,1.50,2.40
2013.04.05 08:10:16.205,7.4531,7.45489,1.65,2.40
2013.04.05 08:10:17.052,7.45301,7.45489,1.65,2.55
2013.04.05 08:10:17.235,7.45301,7.45482,1.65,1.65
2013.04.05 08:10:18.054,7.453,7.45476,1.13,1.50
2013.04.05 08:10:18.114,7.453,7.45482,1.13,1.65
2013.04.05 08:10:18.245,7.453,7.45476,1.13,1.50
2013.04.05 08:10:19.226,7.453,7.45476,1.13,1.50
2013.04.05 08:10:19.777,7.45302,7.45486,1.65,3.23
2013.04.05 08:10:21.835,7.453,7.45476,1.13,2.25
2013.04.05 08:10:21.894,7.45298,7.45476,4.28,2.40
2013.04.05 08:10:22.026,7.45298,7.45467,2.03,1.65
2013.04.05 08:10:22.334,7.45255,7.45422,3.00,3.00
2013.04.05 08:10:22.395,7.45238,7.45412,2.63,1.65
2013.04.05 08:10:22.466,7.45251,7.45409,2.18,1.65
2013.04.05 08:10:22.794,7.45251,7.45409,2.18,1.65
2013.04.05 08:10:22.915,7.45251,7.45406,2.18,1.65
2013.04.05 08:10:23.095,7.45247,7.45401,1.73,1.50
2013.04.05 08:10:23.627,7.45247,7.45363,1.73,1.88
2013.04.05 08:10:23.756,7.45193,7.45351,1.50,1.13
2013.04.05 08:10:23.826,7.45187,7.45348,1.50,1.65
2013.04.05 08:10:23.895,7.45187,7.45342,1.50,1.13
2013.04.05 08:10:23.966,7.45164,7.45342,1.50,1.13
2013.04.05 08:10:24.156,7.45161,7.45314,2.63,1.13
2013.04.05 08:10:24.226,7.45138,7.45305,1.50,1.13
2013.04.05 08:10:24.775,7.4515,7.45287,1.50,2.48
2013.04.05 08:10:24.955,7.4514,7.45287,2.55,2.48
2013.04.05 08:10:25.196,7.45105,7.45276,1.50,1.13
2013.04.05 08:10:25.268,7.45103,7.45263,1.50,1.88
2013.04.05 08:10:25.336,7.45103,7.45263,1.50,3.53
2013.04.05 08:10:25.405,7.45095,7.45243,1.65,2.48
2013.04.05 08:10:25.534,7.45088,7.45243,1.65,2.48
2013.04.05 08:10:25.654,7.45095,7.45269,1.65,1.65
2013.04.05 08:10:25.979,7.45095,7.45269,1.65,1.65
2013.04.05 08:10:26.394,7.45106,7.45269,1.50,1.65
2013.04.05 08:10:26.896,7.45125,7.45273,1.50,1.65
2013.04.05 08:10:26.965,7.45117,7.45288,1.50,2.78
2013.04.05 08:10:27.272,7.45117,7.45278,1.50,1.65
2013.04.05 08:10:27.335,7.45106,7.45275,1.65,1.65
2013.04.05 08:10:27.965,7.45106,7.45273,1.65,3.15
2013.04.05 08:10:29.236,7.45102,7.45273,1.65,3.15
2013.04.05 08:10:30.384,7.45128,7.45273,1.88,3.00
2013.04.05 08:10:30.636,7.45153,7.45288,2.70,2.63
2013.04.05 08:10:30.705,7.4515,7.45302,2.48,1.50
2013.04.05 08:10:30.838,7.4515,7.45302,2.48,1.50
2013.04.05 08:10:31.645,7.45153,7.45291,2.03,1.13
2013.04.05 08:10:31.707,7.45119,7.45283,1.50,1.65
2013.04.05 08:10:31.834,7.45119,7.45281,1.50,1.13
2013.04.05 08:10:31.894,7.45117,7.45272,1.50,2.25
2013.04.05 08:10:32.136,7.45081,7.45246,1.50,1.65
2013.04.05 08:10:32.263,7.45078,7.45246,1.65,1.65
2013.04.05 08:10:32.445,7.45078,7.45252,1.65,1.65
2013.04.05 08:10:32.693,7.45078,7.4523,1.50,1.13
2013.04.05 08:10:32.875,7.45049,7.4522,1.50,2.40
2013.04.05 08:10:32.935,7.45068,7.45231,1.13,2.40
2013.04.05 08:10:33.007,7.45131,7.45248,1.95,1.50
2013.04.05 08:10:33.139,7.45131,7.4528,1.95,2.25
2013.04.05 08:10:33.205,7.45131,7.45284,1.95,1.50
2013.04.05 08:10:33.336,7.45131,7.45297,1.95,1.65
2013.04.05 08:10:33.406,7.45202,7.45297,2.03,1.65
2013.04.05 08:10:33.596,7.45202,7.45331,2.18,2.25
2013.04.05 08:10:33.665,7.45211,7.45377,1.65,1.50
2013.04.05 08:10:33.737,7.45211,7.45383,1.65,1.65
2013.04.05 08:10:34.585,7.45212,7.45384,1.65,1.65
2013.04.05 08:10:34.716,7.45212,7.4537,1.65,2.18
2013.04.05 08:10:38.845,7.45237,7.4537,1.50,2.18
2013.04.05 08:10:39.205,7.4526,7.45413,1.13,2.55
2013.04.05 08:10:39.326,7.4526,7.45422,1.13,1.50
2013.04.05 08:10:40.657,7.45262,7.45413,1.50,2.25
2013.04.05 08:10:40.725,7.45258,7.45382,2.63,2.55
2013.04.05 08:10:40.917,7.45219,7.45382,3.00,2.55
2013.04.05 08:10:41.099,7.45199,7.45382,3.00,2.55
2013.04.05 08:10:43.525,7.45216,7.45382,2.25,2.55
2013.04.05 08:10:43.845,7.45292,7.45455,1.13,1.50
2013.04.05 08:10:43.965,7.45298,7.45455,2.78,1.50
2013.04.05 08:10:44.035,7.45298,7.45462,2.03,2.25
2013.04.05 08:10:44.834,7.45298,7.45462,2.03,2.25
2013.04.05 08:10:45.915,7.45298,7.45463,1.88,1.50
2013.04.05 08:10:45.975,7.45298,7.45413,1.88,1.50
2013.04.05 08:10:46.171,7.45225,7.45383,3.00,2.70
2013.04.05 08:10:46.236,7.45249,7.45423,1.50,1.50
2013.04.05 08:10:46.306,7.45255,7.45429,2.25,1.50
2013.04.05 08:10:46.615,7.45258,7.45431,1.50,1.65
2013.04.05 08:10:47.114,7.45258,7.45424,1.50,1.50
2013.04.05 08:10:47.354,7.45253,7.45424,1.50,1.50
2013.04.05 08:10:47.665,7.45231,7.45413,1.50,1.50
2013.04.05 08:10:47.846,7.45231,7.45407,1.50,1.50
2013.04.05 08:10:48.154,7.45226,7.45407,1.50,1.50
2013.04.05 08:10:49.836,7.45221,7.45405,2.18,1.50
2013.04.05 08:10:50.085,7.4515,7.45334,1.65,1.65
2013.04.05 08:10:50.144,7.4515,7.45334,1.65,1.65
2013.04.05 08:10:50.875,7.45147,7.4533,1.65,3.15
2013.04.05 08:10:54.006,7.45153,7.45334,1.65,1.65
2013.04.05 08:10:54.386,7.45147,7.45331,1.65,1.65
2013.04.05 08:10:54.515,7.45146,7.45331,1.65,1.65
2013.04.05 08:10:56.434,7.45139,7.45311,1.65,1.50
2013.04.05 08:11:01.095,7.4514,7.45311,1.50,1.88
2013.04.05 08:11:01.225,7.45137,7.45304,1.50,1.65
2013.04.05 08:11:01.295,7.45127,7.45304,2.40,2.40
2013.04.05 08:11:01.355,7.45127,7.45283,2.40,3.00
2013.04.05 08:11:01.414,7.45127,7.45283,2.40,3.00
2013.04.05 08:11:01.535,7.45127,7.45274,2.40,1.65
2013.04.05 08:11:05.227,7.45127,7.45274,2.40,1.65
2013.04.05 08:11:07.278,7.45129,7.45278,1.50,2.78
2013.04.05 08:11:07.346,7.45129,7.45278,1.65,2.78
2013.04.05 08:11:08.276,7.45119,7.45269,1.65,1.80
2013.04.05 08:11:08.346,7.45115,7.45269,1.65,1.80
2013.04.05 08:11:11.495,7.45118,7.45275,1.65,2.03
2013.04.05 08:11:11.607,7.45129,7.45275,1.13,2.03
2013.04.05 08:11:11.865,7.45132,7.45298,1.65,1.50
2013.04.05 08:11:12.055,7.4514,7.45305,1.65,2.48
2013.04.05 08:11:13.896,7.45138,7.45306,1.65,1.50
2013.04.05 08:11:14.145,7.4514,7.45306,1.65,1.50
2013.04.05 08:11:14.335,7.4514,7.45306,1.65,1.50
2013.04.05 08:11:14.865,7.45141,7.45313,1.65,1.65
2013.04.05 08:11:15.046,7.45146,7.4532,1.65,1.58
2013.04.05 08:11:17.471,7.45158,7.4532,3.15,1.58
2013.04.05 08:11:17.545,7.45158,7.4533,3.15,1.80
2013.04.05 08:11:17.785,7.45166,7.4533,3.15,1.80
2013.04.05 08:11:19.049,7.45157,7.4533,1.65,1.80
2013.04.05 08:11:19.484,7.45162,7.4533,3.15,1.80
2013.04.05 08:11:22.620,7.45173,7.4533,2.40,1.80
2013.04.05 08:11:23.098,7.45174,7.45332,1.65,2.40
2013.04.05 08:11:33.535,7.45174,7.45328,1.65,2.40
2013.04.05 08:11:34.996,7.45204,7.45328,1.13,2.40
2013.04.05 08:11:35.185,7.45204,7.45332,1.13,1.50
2013.04.05 08:11:35.247,7.45214,7.45355,3.15,2.85
2013.04.05 08:11:35.439,7.45214,7.45366,3.15,1.58
2013.04.05 08:11:36.727,7.45214,7.45362,3.15,1.50
2013.04.05 08:11:44.456,7.4521,7.45367,1.65,2.70
2013.04.05 08:11:45.274,7.4521,7.45371,1.65,2.48
2013.04.05 08:11:45.788,7.45218,7.45374,1.65,1.50
2013.04.05 08:11:45.868,7.4522,7.45374,1.65,1.50
2013.04.05 08:11:51.426,7.45223,7.45372,2.40,2.78
2013.04.05 08:11:51.496,7.45215,7.45372,1.65,2.78
2013.04.05 08:11:53.415,7.45215,7.45372,1.65,2.78
2013.04.05 08:11:54.325,7.45203,7.45372,2.40,1.73
2013.04.05 08:11:57.114,7.45203,7.4537,2.40,1.73
2013.04.05 08:12:04.346,7.45219,7.45375,1.65,1.50
2013.04.05 08:12:04.476,7.45209,7.45373,2.40,1.50
2013.04.05 08:12:04.607,7.45219,7.45375,1.65,1.50
2013.04.05 08:12:04.678,7.45218,7.45375,1.65,1.50
2013.04.05 08:12:05.198,7.45218,7.45375,1.65,1.50
2013.04.05 08:12:12.945,7.45218,7.45372,1.65,1.50
2013.04.05 08:12:13.354,7.45215,7.45372,1.65,1.50
2013.04.05 08:12:13.655,7.45205,7.45376,1.65,1.65
2013.04.05 08:12:13.715,7.45205,7.45379,1.65,1.65
2013.04.05 08:12:13.847,7.45203,7.45374,1.65,1.65
2013.04.05 08:12:16.106,7.45203,7.45369,1.65,1.65
2013.04.05 08:12:19.847,7.45203,7.45363,1.65,1.65
2013.04.05 08:12:23.145,7.45203,7.45359,1.65,1.50
2013.04.05 08:12:27.038,7.45203,7.45359,1.50,1.65
2013.04.05 08:12:27.286,7.45185,7.45356,1.50,2.40
2013.04.05 08:12:27.475,7.45181,7.45347,1.65,1.65
2013.04.05 08:12:27.665,7.45181,7.45346,1.50,1.13
2013.04.05 08:12:27.845,7.45157,7.45301,2.25,1.65
2013.04.05 08:12:27.915,7.4512,7.453,2.40,1.65
2013.04.05 08:12:28.155,7.4512,7.45294,2.25,1.65
2013.04.05 08:12:28.456,7.45107,7.45269,2.40,2.63
2013.04.05 08:12:28.526,7.45107,7.45267,2.40,1.50
2013.04.05 08:12:29.746,7.45107,7.45267,1.65,1.50
2013.04.05 08:12:29.815,7.45107,7.45267,2.40,1.50
2013.04.05 08:12:30.394,7.45107,7.45261,1.65,1.50
2013.04.05 08:12:30.575,7.4511,7.45267,1.65,2.10
2013.04.05 08:12:30.696,7.45189,7.45267,2.10,2.10
2013.04.05 08:12:30.956,7.45199,7.45341,1.65,2.37
2013.04.05 08:12:31.218,7.45189,7.45331,2.10,1.50
2013.04.05 08:12:31.646,7.45189,7.45331,2.10,1.50
2013.04.05 08:12:33.190,7.45189,7.45341,2.10,2.18
2013.04.05 08:12:33.966,7.45167,7.45331,1.65,1.65
2013.04.05 08:12:34.096,7.45167,7.4533,1.65,3.00
2013.04.05 08:12:34.404,7.45153,7.45317,1.65,1.50
2013.04.05 08:12:35.446,7.45153,7.45317,1.65,1.50
2013.04.05 08:12:35.806,7.45131,7.45305,1.65,1.65
2013.04.05 08:12:35.876,7.45131,7.45296,1.65,1.88
2013.04.05 08:12:36.277,7.45128,7.45289,1.65,3.53
2013.04.05 08:12:38.136,7.45128,7.45283,1.50,2.48
2013.04.05 08:12:38.209,7.45118,7.45285,3.15,3.08
2013.04.05 08:12:38.855,7.45118,7.45282,2.40,2.93
2013.04.05 08:12:39.225,7.45148,7.45282,2.85,2.93
2013.04.05 08:12:39.405,7.45148,7.45287,2.85,1.50
2013.04.05 08:12:39.526,7.45148,7.45296,2.85,1.50
2013.04.05 08:12:39.847,7.45154,7.45295,1.58,1.13
2013.04.05 08:12:40.096,7.45111,7.45279,1.65,2.25
2013.04.05 08:12:40.164,7.45107,7.45273,1.65,1.65
2013.04.05 08:12:40.405,7.45154,7.45292,1.95,1.65
2013.04.05 08:12:40.585,7.45154,7.45283,2.10,1.50
2013.04.05 08:12:40.936,7.45154,7.45296,2.10,1.50
2013.04.05 08:12:41.006,7.45145,7.45296,3.08,1.50
2013.04.05 08:12:41.167,7.45145,7.45296,3.08,1.50
2013.04.05 08:12:41.306,7.45145,7.45305,3.08,1.50
2013.04.05 08:12:43.099,7.45145,7.45296,3.08,1.50
2013.04.05 08:12:45.346,7.45155,7.45296,1.13,1.50
2013.04.05 08:12:45.595,7.45206,7.45319,2.70,2.25
2013.04.05 08:12:45.656,7.45206,7.45344,2.70,2.40
2013.04.05 08:12:45.726,7.45166,7.4535,2.18,1.65
2013.04.05 08:12:45.987,7.45166,7.45342,2.18,1.65
2013.04.05 08:12:47.866,7.45166,7.45342,2.18,1.65
2013.04.05 08:12:48.975,7.45166,7.45328,2.18,1.50
2013.04.05 08:12:49.286,7.45198,7.45327,2.25,1.50
2013.04.05 08:12:49.358,7.45209,7.45343,1.73,1.50
2013.04.05 08:12:49.645,7.45209,7.45343,1.73,1.50
2013.04.05 08:13:01.626,7.45209,7.45362,1.73,1.50
2013.04.05 08:13:22.195,7.45209,7.45362,1.73,2.25
2013.04.05 08:13:38.905,7.45209,7.45342,1.58,1.65
2013.04.05 08:13:38.980,7.45198,7.45338,1.88,1.65
2013.04.05 08:13:39.107,7.45153,7.45319,1.65,2.40
2013.04.05 08:13:39.177,7.45127,7.45298,2.63,1.65
2013.04.05 08:13:39.888,7.45127,7.4528,1.88,1.13
2013.04.05 08:13:39.978,7.45095,7.45271,1.65,1.65
2013.04.05 08:13:40.538,7.45089,7.45271,2.55,1.65
2013.04.05 08:13:40.848,7.45089,7.45255,2.40,1.13
2013.04.05 08:13:40.917,7.45081,7.45253,1.50,1.65
2013.04.05 08:13:41.108,7.45071,7.45244,1.65,1.65
2013.04.05 08:13:43.180,7.45075,7.45233,2.33,1.65
2013.04.05 08:13:49.849,7.45075,7.45244,2.48,1.65
2013.04.05 08:13:50.036,7.4508,7.45244,1.88,1.65
2013.04.05 08:13:50.095,7.4508,7.45256,1.88,1.65
2013.04.05 08:13:51.117,7.4508,7.45256,1.88,2.40
2013.04.05 08:14:11.222,7.4508,7.45256,1.88,2.40
2013.04.05 08:14:16.052,7.4508,7.45256,1.88,1.65
2013.04.05 08:14:16.175,7.45083,7.45256,1.95,1.65
2013.04.05 08:14:20.375,7.45087,7.45251,1.50,1.65
2013.04.05 08:14:22.897,7.45085,7.45251,1.50,1.65
2013.04.05 08:14:23.997,7.45078,7.45244,1.65,1.65
2013.04.05 08:14:24.167,7.45078,7.45244,1.65,1.65
2013.04.05 08:15:03.185,7.45073,7.45222,1.65,1.50
2013.04.05 08:15:04.111,7.45073,7.45216,1.65,1.50
2013.04.05 08:15:24.915,7.45071,7.45226,3.68,2.40
2013.04.05 08:15:24.997,7.45114,7.45231,2.85,2.18
2013.04.05 08:15:25.246,7.45087,7.45225,1.88,1.50
2013.04.05 08:15:25.316,7.45127,7.45221,2.85,1.50
2013.04.05 08:15:25.625,7.45117,7.45234,2.10,1.50
2013.04.05 08:15:25.685,7.45117,7.4526,2.10,1.50
2013.04.05 08:15:26.255,7.4512,7.4526,1.80,1.50
2013.04.05 08:15:27.075,7.4512,7.45271,1.80,1.50
2013.04.05 08:15:27.617,7.4512,7.45271,1.80,1.50
2013.04.05 08:15:28.198,7.4512,7.45271,1.80,1.50
2013.04.05 08:15:28.746,7.45112,7.45271,1.73,1.50
2013.04.05 08:15:28.996,7.45112,7.45271,1.73,1.50
2013.04.05 08:15:30.206,7.45112,7.45271,1.73,1.50
2013.04.05 08:15:31.175,7.45112,7.45271,1.73,1.50
2013.04.05 08:15:31.865,7.45104,7.45265,2.48,1.13
2013.04.05 08:15:31.926,7.45087,7.45253,4.13,1.65
2013.04.05 08:15:32.056,7.45068,7.4525,2.48,2.40
2013.04.05 08:15:32.235,7.45052,7.45226,1.65,1.65
2013.04.05 08:15:32.295,7.45049,7.45226,1.65,1.65
2013.04.05 08:15:32.355,7.45042,7.45221,2.70,2.40
2013.04.05 08:15:32.658,7.45055,7.45225,2.63,1.65
2013.04.05 08:15:33.966,7.45065,7.45225,1.13,1.50
2013.04.05 08:15:34.027,7.4509,7.45225,2.93,1.50
2013.04.05 08:15:34.155,7.4509,7.45239,2.93,1.50
2013.04.05 08:15:34.400,7.45085,7.45244,1.95,1.50
2013.04.05 08:15:34.471,7.45085,7.45246,1.95,1.50
2013.04.05 08:15:34.728,7.45089,7.45249,2.25,1.50
2013.04.05 08:15:35.007,7.45099,7.45252,1.65,1.50
2013.04.05 08:15:35.777,7.45089,7.45235,2.25,2.25
2013.04.05 08:15:37.426,7.45089,7.45226,2.10,1.13
2013.04.05 08:15:37.496,7.45077,7.45215,1.88,1.65
2013.04.05 08:15:37.555,7.45033,7.45215,2.25,1.65
2013.04.05 08:15:37.675,7.45033,7.45173,2.25,3.00
2013.04.05 08:15:37.739,7.45029,7.45182,1.88,1.50
2013.04.05 08:15:37.866,7.45031,7.45194,1.65,1.50
2013.04.05 08:15:37.936,7.45031,7.45194,1.65,1.50
2013.04.05 08:15:38.066,7.45039,7.452,1.65,1.65
2013.04.05 08:15:38.375,7.45035,7.45196,2.40,1.50
2013.04.05 08:15:39.333,7.45035,7.45196,2.40,1.50
2013.04.05 08:15:39.860,7.45038,7.45196,3.15,1.50
2013.04.05 08:15:40.186,7.45062,7.45206,1.13,1.50
2013.04.05 08:15:40.367,7.45095,7.45234,1.65,2.33
2013.04.05 08:15:40.561,7.451,7.45253,1.65,3.23
2013.04.05 08:15:40.686,7.451,7.45243,1.65,1.50
2013.04.05 08:15:40.988,7.4509,7.45225,2.78,1.50
2013.04.05 08:15:41.406,7.4509,7.45225,3.00,1.50
2013.04.05 08:15:42.626,7.45094,7.45231,1.80,1.50
2013.04.05 08:15:42.688,7.45094,7.45243,1.80,1.50
2013.04.05 08:15:42.816,7.45094,7.45243,1.65,1.65
2013.04.05 08:15:43.006,7.45067,7.45239,1.65,1.65
2013.04.05 08:15:43.066,7.45067,7.4522,1.65,1.50
2013.04.05 08:15:43.196,7.45038,7.45217,2.78,1.65
2013.04.05 08:15:43.256,7.45033,7.45217,3.00,1.65
2013.04.05 08:15:43.377,7.45033,7.45196,3.00,1.65
2013.04.05 08:15:43.446,7.45024,7.45196,2.33,1.65
2013.04.05 08:15:43.516,7.45024,7.45187,2.33,1.50
2013.04.05 08:15:43.965,7.45024,7.45186,2.33,1.50
2013.04.05 08:15:45.165,7.45024,7.45186,2.33,1.50
2013.04.05 08:15:45.225,7.45024,7.45183,2.33,1.50
2013.04.05 08:15:45.425,7.45024,7.45179,2.33,1.50
2013.04.05 08:15:45.728,7.45024,7.45183,2.33,1.50
2013.04.05 08:15:45.915,7.45024,7.45183,2.33,1.50
2013.04.05 08:15:46.384,7.45024,7.45171,2.33,1.50
2013.04.05 08:15:46.699,7.44952,7.45108,1.50,1.13
2013.04.05 08:15:46.778,7.44927,7.45051,2.25,1.13
2013.04.05 08:15:46.846,7.44896,7.45052,1.50,1.13
2013.04.05 08:15:46.906,7.44886,7.45029,1.65,1.50
2013.04.05 08:15:46.977,7.44886,7.45029,1.65,2.25
2013.04.05 08:15:47.048,7.44886,7.4504,1.65,1.50
2013.04.05 08:15:47.176,7.44886,7.45057,1.50,2.40
2013.04.05 08:15:47.306,7.44868,7.45053,1.73,1.65
2013.04.05 08:15:47.895,7.44862,7.45043,1.65,1.65
2013.04.05 08:15:49.195,7.4488,7.45037,2.40,1.50
2013.04.05 08:15:50.396,7.44917,7.45058,1.13,1.50
2013.04.05 08:15:50.706,7.44973,7.45108,1.13,2.40
2013.04.05 08:15:50.776,7.44989,7.45092,1.13,1.50
2013.04.05 08:15:51.116,7.44989,7.451,1.13,1.73
2013.04.05 08:15:51.716,7.44983,7.451,2.93,1.73
2013.04.05 08:15:51.776,7.44949,7.451,2.25,2.33
2013.04.05 08:15:51.847,7.44971,7.451,2.33,2.33
2013.04.05 08:15:52.096,7.44971,7.45102,2.33,2.03
2013.04.05 08:15:52.167,7.44969,7.45102,1.50,2.03
2013.04.05 08:15:52.417,7.44969,7.45106,1.50,1.95
2013.04.05 08:15:52.491,7.44977,7.45106,1.13,1.95
2013.04.05 08:15:52.860,7.44993,7.4511,2.63,1.88
2013.04.05 08:15:53.850,7.44999,7.4511,1.13,1.88
2013.04.05 08:15:53.942,7.45001,7.45119,2.55,2.33
2013.04.05 08:15:54.092,7.45001,7.45149,2.55,2.55
2013.04.05 08:15:54.336,7.45018,7.45168,2.25,1.50
2013.04.05 08:15:54.406,7.45019,7.45173,1.13,1.05
2013.04.05 08:15:54.597,7.45019,7.45176,1.13,1.05
2013.04.05 08:15:54.667,7.45018,7.45176,2.63,1.05
2013.04.05 08:15:54.737,7.45038,7.45176,2.63,1.05
2013.04.05 08:15:55.056,7.45049,7.45177,1.13,1.05
2013.04.05 08:15:55.670,7.45049,7.45184,1.13,1.68
2013.04.05 08:16:00.197,7.45068,7.45184,1.13,1.68
2013.04.05 08:16:00.569,7.45071,7.45248,1.65,1.50
2013.04.05 08:16:01.367,7.45072,7.4525,2.40,1.50
2013.04.05 08:16:01.886,7.4508,7.4525,1.13,1.50
2013.04.05 08:16:01.947,7.4508,7.45252,1.13,1.50
2013.04.05 08:16:02.016,7.4508,7.4522,1.13,2.93
2013.04.05 08:16:03.076,7.4508,7.45231,1.13,1.73
2013.04.05 08:16:03.835,7.45076,7.45231,1.65,1.73
2013.04.05 08:16:04.076,7.45067,7.45208,1.65,1.65
2013.04.05 08:16:04.906,7.45067,7.45208,1.50,1.65
2013.04.05 08:16:04.968,7.45067,7.45195,1.50,2.25
2013.04.05 08:16:05.096,7.45057,7.45195,1.50,2.25
2013.04.05 08:16:05.166,7.45024,7.45195,1.50,2.25
2013.04.05 08:16:11.809,7.45041,7.45195,1.50,2.25
2013.04.05 08:16:12.116,7.45041,7.45207,1.65,1.50
2013.04.05 08:16:24.216,7.45046,7.45204,1.50,2.40
2013.04.05 08:16:24.346,7.45023,7.45201,1.50,1.50
2013.04.05 08:16:25.136,7.45023,7.45201,1.50,1.50
2013.04.05 08:16:26.076,7.45028,7.45202,1.50,2.63
2013.04.05 08:16:26.586,7.4503,7.45201,1.50,1.65
2013.04.05 08:16:27.272,7.45043,7.45201,1.65,1.65
2013.04.05 08:16:27.350,7.45043,7.45215,1.65,1.95
2013.04.05 08:16:29.696,7.45043,7.45212,1.65,1.65
2013.04.05 08:16:29.826,7.45029,7.45202,2.40,2.93
2013.04.05 08:16:29.896,7.45021,7.45202,3.15,2.93
2013.04.05 08:16:30.166,7.45019,7.45196,1.13,1.95
2013.04.05 08:16:31.069,7.45016,7.45196,1.65,2.10
2013.04.05 08:16:31.376,7.45013,7.45191,2.40,2.70
2013.04.05 08:16:31.619,7.45001,7.45178,2.40,2.03
2013.04.05 08:16:32.268,7.45,7.45178,1.65,2.03
2013.04.05 08:16:33.246,7.44996,7.45168,1.65,1.50
2013.04.05 08:16:34.216,7.44996,7.45168,1.65,1.50
2013.04.05 08:16:36.361,7.45015,7.45168,1.13,1.50
2013.04.05 08:16:36.426,7.45015,7.45178,1.13,1.88
2013.04.05 08:16:36.626,7.45015,7.4519,1.13,1.50
2013.04.05 08:16:39.107,7.45008,7.4519,2.78,1.65
2013.04.05 08:16:39.807,7.45008,7.4517,2.78,2.33
2013.04.05 08:16:41.206,7.44994,7.4516,1.13,1.50
2013.04.05 08:16:42.198,7.44994,7.4516,1.13,1.50
2013.04.05 08:16:44.116,7.45006,7.4517,1.65,2.33
2013.04.05 08:16:47.246,7.45006,7.45168,1.65,2.55
2013.04.05 08:16:47.665,7.45006,7.45164,1.65,2.85
2013.04.05 08:16:49.237,7.45006,7.45164,1.65,2.85
2013.04.05 08:16:50.018,7.45006,7.45172,1.65,1.65
2013.04.05 08:16:51.230,7.45006,7.45172,1.65,1.65
2013.04.05 08:16:52.763,7.45006,7.45172,1.65,1.65
2013.04.05 08:16:52.848,7.45006,7.45172,1.65,1.65
2013.04.05 08:16:53.579,7.45006,7.45172,1.65,1.65
2013.04.05 08:16:54.927,7.44997,7.45172,1.65,1.65
2013.04.05 08:17:03.105,7.44997,7.45192,1.65,1.65
2013.04.05 08:17:03.415,7.44987,7.45172,1.65,1.13
2013.04.05 08:17:03.656,7.44983,7.45166,1.65,1.65
2013.04.05 08:17:04.415,7.44978,7.4516,1.73,1.13
2013.04.05 08:17:04.605,7.44972,7.45155,1.73,1.65
2013.04.05 08:17:05.576,7.44974,7.4516,1.80,1.13
2013.04.05 08:17:05.878,7.44984,7.4518,1.65,1.65
2013.04.05 08:17:06.956,7.44984,7.45166,1.50,1.13
2013.04.05 08:17:07.086,7.44978,7.45155,1.65,1.65
2013.04.05 08:17:07.145,7.44968,7.45155,1.73,1.65
2013.04.05 08:17:07.206,7.44968,7.45145,2.17,1.65
2013.04.05 08:17:07.875,7.44968,7.45147,1.65,1.65
2013.04.05 08:17:09.159,7.44963,7.45147,1.65,1.65
2013.04.05 08:17:11.656,7.44965,7.45137,1.50,1.65
2013.04.05 08:17:11.835,7.44958,7.45134,1.65,1.65
2013.04.05 08:17:13.597,7.44955,7.45124,1.65,1.65
2013.04.05 08:17:14.357,7.44949,7.45115,1.65,1.50
2013.04.05 08:17:14.689,7.449,7.45074,1.65,1.65
2013.04.05 08:17:17.579,7.44895,7.45067,1.65,2.40
2013.04.05 08:17:19.136,7.44884,7.45066,1.65,3.00
2013.04.05 08:17:19.328,7.44887,7.45058,1.65,1.65
2013.04.05 08:17:20.286,7.44884,7.45058,1.65,1.65
2013.04.05 08:17:24.228,7.44893,7.45059,1.13,1.50
2013.04.05 08:17:24.356,7.44926,7.45083,3.08,1.50
2013.04.05 08:17:24.416,7.44926,7.4509,3.08,1.50
2013.04.05 08:17:24.686,7.44917,7.45084,2.78,3.00
2013.04.05 08:17:25.066,7.44906,7.45076,2.93,2.25
2013.04.05 08:17:25.960,7.44894,7.45067,2.63,3.15
2013.04.05 08:17:26.098,7.44894,7.45064,2.63,2.40
2013.04.05 08:17:26.431,7.44894,7.45065,2.63,1.65
2013.04.05 08:17:26.736,7.4491,7.45078,1.95,3.00
2013.04.05 08:17:26.979,7.44902,7.45086,1.80,1.65
2013.04.05 08:17:27.607,7.44896,7.4508,2.70,1.65
2013.04.05 08:17:34.478,7.44905,7.4508,1.65,1.65
2013.04.05 08:17:39.716,7.44902,7.45076,1.65,1.65
2013.04.05 08:17:39.906,7.44897,7.45071,1.65,1.65
2013.04.05 08:17:41.887,7.44897,7.45063,1.65,1.50
2013.04.05 08:17:50.626,7.44899,7.45072,1.65,1.65
2013.04.05 08:17:50.996,7.44889,7.45072,1.65,1.65
2013.04.05 08:17:51.058,7.44889,7.45064,1.65,1.65
2013.04.05 08:17:52.289,7.44889,7.45063,1.65,1.65
2013.04.05 08:17:54.581,7.44879,7.45063,1.88,1.65
2013.04.05 08:17:54.799,7.44879,7.45057,1.88,1.50
2013.04.05 08:17:55.947,7.44879,7.45063,1.88,1.65
2013.04.05 08:17:56.382,7.44879,7.45057,1.88,1.50
2013.04.05 08:17:57.008,7.44879,7.45053,1.88,1.50
2013.04.05 08:17:57.405,7.44879,7.45052,1.73,1.13
2013.04.05 08:17:57.526,7.44841,7.45007,1.13,1.95
2013.04.05 08:17:57.646,7.44837,7.45007,1.50,1.95
2013.04.05 08:17:57.717,7.44825,7.45007,1.65,1.95
2013.04.05 08:17:59.366,7.44806,7.44986,1.65,2.48
2013.04.05 08:17:59.696,7.44782,7.44954,1.65,1.65
2013.04.05 08:18:00.020,7.44782,7.44954,1.50,1.65
2013.04.05 08:18:00.669,7.44776,7.44958,1.28,1.65
2013.04.05 08:18:00.861,7.44826,7.44962,2.78,1.50
2013.04.05 08:18:00.927,7.44826,7.44966,2.78,1.50
2013.04.05 08:18:01.378,7.44826,7.45005,1.65,1.65
2013.04.05 08:18:01.967,7.44826,7.45,1.65,1.65
2013.04.05 08:18:02.926,7.44827,7.45009,3.00,1.65
2013.04.05 08:18:03.377,7.44833,7.45005,1.65,1.65
2013.04.05 08:18:03.927,7.44833,7.45005,1.65,1.65
2013.04.05 08:18:04.887,7.44828,7.45,1.65,1.50
2013.04.05 08:18:05.878,7.44833,7.45005,1.65,1.65
2013.04.05 08:18:06.836,7.44827,7.45001,1.65,1.50
2013.04.05 08:18:07.877,7.44832,7.45006,1.65,1.65
2013.04.05 08:18:09.043,7.44818,7.45001,1.65,1.65
2013.04.05 08:18:09.194,7.44818,7.45001,1.65,1.65
2013.04.05 08:18:09.921,7.44807,7.44989,2.40,1.65
2013.04.05 08:18:10.477,7.44805,7.44989,1.65,1.65
2013.04.05 08:18:18.186,7.44807,7.44989,1.13,1.50
2013.04.05 08:18:18.678,7.44825,7.45011,1.65,1.65
2013.04.05 08:18:19.887,7.44819,7.45008,1.65,1.65
2013.04.05 08:18:20.146,7.4482,7.4501,1.13,1.65
2013.04.05 08:18:21.136,7.44821,7.45013,1.65,3.15
2013.04.05 08:18:21.847,7.4481,7.45005,1.65,1.65
2013.04.05 08:18:22.228,7.4481,7.45005,1.65,1.88
2013.04.05 08:18:23.117,7.44816,7.44996,1.13,1.50
2013.04.05 08:18:23.309,7.44822,7.44996,1.65,1.50
2013.04.05 08:18:24.052,7.44818,7.45013,1.65,1.65
2013.04.05 08:18:25.405,7.44799,7.45005,1.13,3.15
2013.04.05 08:18:26.237,7.44817,7.44999,1.65,1.65
2013.04.05 08:18:26.305,7.44805,7.44995,1.65,3.15
2013.04.05 08:18:27.255,7.44805,7.4499,1.65,1.65
2013.04.05 08:18:28.949,7.44797,7.4499,1.65,1.65
2013.04.05 08:18:38.866,7.44789,7.44986,1.13,1.65
2013.04.05 08:18:41.597,7.44791,7.44963,1.65,1.50
2013.04.05 08:18:52.373,7.44784,7.44963,1.65,1.65
2013.04.05 08:18:52.738,7.44784,7.44963,1.65,1.65
2013.04.05 08:18:54.258,7.4478,7.44954,1.65,1.50
2013.04.05 08:18:54.767,7.44785,7.44954,1.65,1.50
2013.04.05 08:18:56.018,7.44785,7.44963,1.65,1.65
2013.04.05 08:19:01.897,7.44787,7.44943,1.65,2.78
2013.04.05 08:19:07.707,7.44788,7.44948,1.65,2.55
2013.04.05 08:19:07.968,7.44781,7.44945,1.65,2.78
2013.04.05 08:19:08.156,7.44781,7.44939,1.65,2.93
2013.04.05 08:19:08.518,7.44779,7.44932,1.65,2.18
2013.04.05 08:19:20.676,7.44773,7.44932,1.50,2.33
2013.04.05 08:19:20.736,7.44763,7.44927,1.65,1.50
2013.04.05 08:19:20.807,7.44763,7.44926,1.65,2.25
2013.04.05 08:19:22.086,7.44763,7.44917,1.65,2.25
2013.04.05 08:19:31.656,7.44763,7.44917,1.65,2.40
2013.04.05 08:19:31.718,7.44763,7.44918,1.65,2.78
2013.04.05 08:19:31.787,7.44763,7.44915,1.65,1.73
2013.04.05 08:19:33.816,7.44754,7.44908,1.65,2.70
2013.04.05 08:19:42.767,7.44753,7.44898,2.70,1.50
2013.04.05 08:19:43.946,7.44753,7.44898,2.70,1.50
2013.04.05 08:19:44.725,7.44753,7.44893,2.70,1.50
2013.04.05 08:19:48.228,7.44744,7.44896,2.10,1.50
2013.04.05 08:19:48.905,7.44744,7.44895,2.10,1.50
2013.04.05 08:19:49.217,7.44744,7.4489,2.10,1.50
2013.04.05 08:19:50.459,7.44744,7.4489,1.95,1.13
2013.04.05 08:19:50.527,7.44717,7.44835,2.63,1.13
2013.04.05 08:19:50.664,7.4466,7.44826,1.50,1.65
2013.04.05 08:19:50.728,7.44652,7.44826,1.65,1.65
2013.04.05 08:19:50.975,7.4464,7.44821,1.65,2.40
2013.04.05 08:19:51.498,7.4464,7.44804,1.65,1.50
2013.04.05 08:19:51.820,7.4464,7.44804,1.50,1.65
2013.04.05 08:19:51.946,7.4464,7.44804,1.50,1.65
2013.04.05 08:19:52.126,7.4464,7.44799,1.50,2.70
2013.04.05 08:19:53.947,7.44608,7.4478,4.13,1.13
2013.04.05 08:19:54.075,7.44605,7.44748,1.50,1.50
2013.04.05 08:19:54.197,7.44588,7.44747,2.25,2.18
2013.04.05 08:19:54.747,7.44586,7.44747,2.33,2.18
2013.04.05 08:19:54.877,7.44582,7.44736,1.65,2.40
2013.04.05 08:19:55.067,7.44574,7.4474,1.65,1.50
2013.04.05 08:19:56.863,7.44581,7.44745,3.15,3.00
2013.04.05 08:19:56.957,7.44568,7.44729,1.65,1.50
2013.04.05 08:19:59.005,7.44567,7.44727,1.50,1.13
2013.04.05 08:19:59.095,7.44539,7.44703,1.50,1.65
2013.04.05 08:19:59.170,7.44577,7.44704,1.13,1.65
2013.04.05 08:19:59.237,7.44665,7.44704,3.08,1.65
2013.04.05 08:19:59.377,7.44665,7.4476,3.08,1.50
2013.04.05 08:19:59.447,7.44665,7.44804,3.08,1.50
2013.04.05 08:19:59.518,7.44661,7.44804,2.18,1.50
2013.04.05 08:19:59.857,7.44666,7.4483,1.65,1.50
2013.04.05 08:20:00.408,7.44666,7.4483,1.65,1.50
2013.04.05 08:20:00.677,7.44761,7.4483,2.63,1.50
2013.04.05 08:20:00.808,7.44761,7.44854,2.63,2.25
2013.04.05 08:20:00.877,7.44766,7.44902,1.50,1.65
2013.04.05 08:20:01.127,7.44742,7.44883,2.25,2.70
2013.04.05 08:20:01.197,7.44719,7.44873,1.50,1.50
2013.04.05 08:20:01.615,7.44709,7.44879,1.88,1.50
2013.04.05 08:20:01.718,7.44719,7.44879,1.50,1.50
2013.04.05 08:20:02.246,7.44718,7.44877,1.50,1.50
2013.04.05 08:20:02.566,7.44728,7.44893,1.65,2.40
2013.04.05 08:20:02.627,7.44728,7.44893,1.65,1.65
2013.04.05 08:20:14.607,7.44727,7.44887,1.65,1.50
2013.04.05 08:20:14.938,7.44723,7.44892,1.65,1.65
2013.04.05 08:20:15.797,7.44723,7.44892,1.50,1.65
2013.04.05 08:20:15.970,7.44712,7.44891,1.65,1.65
2013.04.05 08:20:16.039,7.44712,7.44891,1.65,1.65
2013.04.05 08:20:16.560,7.44714,7.44878,1.65,1.65
2013.04.05 08:20:17.326,7.44713,7.44878,1.65,1.65
2013.04.05 08:20:33.699,7.44708,7.44874,1.65,1.65
2013.04.05 08:20:42.596,7.44743,7.44878,2.55,1.65
2013.04.05 08:20:42.848,7.44773,7.4491,2.03,1.50
2013.04.05 08:20:42.917,7.44835,7.44918,2.18,3.68
2013.04.05 08:20:43.107,7.44835,7.44941,2.18,1.50
2013.04.05 08:20:43.176,7.44835,7.44963,2.18,1.50
2013.04.05 08:20:43.667,7.44835,7.44974,2.18,1.50
2013.04.05 08:20:43.738,7.44806,7.44972,1.50,2.63
2013.04.05 08:20:43.867,7.44835,7.44972,1.80,2.63
2013.04.05 08:20:44.536,7.4483,7.44973,2.18,2.70
2013.04.05 08:20:45.449,7.4483,7.44974,2.18,2.85
2013.04.05 08:20:45.520,7.44848,7.44974,2.33,2.85
2013.04.05 08:20:45.728,7.44844,7.44974,2.78,2.85
2013.04.05 08:20:46.081,7.44844,7.44976,2.78,2.48
2013.04.05 08:20:46.277,7.44835,7.44977,2.03,1.73
2013.04.05 08:20:46.527,7.4484,7.44978,2.78,2.03
2013.04.05 08:20:46.847,7.44852,7.44982,2.63,1.95
2013.04.05 08:20:47.276,7.44847,7.44984,1.88,1.95
2013.04.05 08:20:47.468,7.4485,7.44984,2.10,1.95
2013.04.05 08:20:47.657,7.4485,7.44987,2.10,1.73
2013.04.05 08:20:47.937,7.44853,7.4499,2.63,2.33
2013.04.05 08:20:48.737,7.44854,7.44997,1.73,1.88
2013.04.05 08:20:48.878,7.44854,7.44999,1.73,2.03
2013.04.05 08:20:48.947,7.44849,7.45002,2.78,1.50
2013.04.05 08:20:49.968,7.44848,7.44992,1.73,1.50
2013.04.05 08:20:55.306,7.44848,7.44992,1.73,1.50
2013.04.05 08:20:55.516,7.44848,7.44995,1.73,1.50
2013.04.05 08:20:57.657,7.44831,7.45002,1.50,1.50
2013.04.05 08:20:57.910,7.4483,7.44994,1.50,1.50
2013.04.05 08:20:57.978,7.44821,7.44992,2.03,1.50
2013.04.05 08:20:58.987,7.44843,7.44991,1.80,1.50
2013.04.05 08:20:59.237,7.44837,7.44991,2.70,1.50
2013.04.05 08:20:59.307,7.44837,7.44993,2.70,1.50
2013.04.05 08:20:59.497,7.4483,7.44993,2.40,1.50
2013.04.05 08:20:59.994,7.44828,7.44993,2.78,1.50
2013.04.05 08:21:00.213,7.44854,7.44993,1.88,1.50
2013.04.05 08:21:01.044,7.44852,7.45001,2.70,1.50
2013.04.05 08:21:02.403,7.44856,7.45008,1.73,2.55
2013.04.05 08:21:02.577,7.44856,7.4501,1.73,1.50
2013.04.05 08:21:02.718,7.44856,7.45015,1.73,1.50
2013.04.05 08:21:03.938,7.44865,7.45033,2.25,1.50
2013.04.05 08:21:06.927,7.44855,7.45033,1.88,1.50
2013.04.05 08:21:07.237,7.44851,7.45033,2.70,1.50
2013.04.05 08:21:08.227,7.44848,7.45033,1.80,1.65
2013.04.05 08:21:19.908,7.44846,7.45032,2.93,1.65
2013.04.05 08:21:20.786,7.44847,7.45013,2.03,1.65
2013.04.05 08:21:21.599,7.44847,7.45021,1.88,2.25
2013.04.05 08:21:21.748,7.44802,7.44986,1.88,3.00
2013.04.05 08:21:22.189,7.44808,7.44975,2.93,3.00
2013.04.05 08:21:22.557,7.44808,7.44973,2.93,2.25
2013.04.05 08:21:22.831,7.44803,7.44973,2.10,2.25
2013.04.05 08:21:23.171,7.44803,7.44976,2.10,2.25
2013.04.05 08:21:23.243,7.44789,7.44976,2.40,2.25
2013.04.05 08:21:23.448,7.44789,7.4497,2.40,3.00
2013.04.05 08:21:24.148,7.44785,7.4497,2.33,3.00
2013.04.05 08:21:24.277,7.44785,7.44964,2.33,3.00
2013.04.05 08:21:25.137,7.44785,7.44964,2.33,2.40
2013.04.05 08:21:25.208,7.44782,7.44965,2.10,1.13
2013.04.05 08:21:25.456,7.44785,7.44965,1.58,1.13
2013.04.05 08:21:26.057,7.44785,7.44964,1.73,2.40
2013.04.05 08:21:26.366,7.44799,7.4497,2.55,3.15
2013.04.05 08:21:26.676,7.44801,7.4497,3.00,3.15
2013.04.05 08:21:30.049,7.44802,7.4497,1.88,3.15
2013.04.05 08:21:35.086,7.44815,7.4497,2.33,3.15
2013.04.05 08:21:35.147,7.44815,7.44982,2.33,1.65
2013.04.05 08:21:35.219,7.44815,7.44982,2.48,1.65
2013.04.05 08:21:35.539,7.4482,7.44982,1.65,1.65
2013.04.05 08:21:35.607,7.4482,7.44982,1.65,1.65
2013.04.05 08:21:41.137,7.4482,7.45002,2.78,1.65
2013.04.05 08:21:41.267,7.44839,7.45002,2.40,1.65
2013.04.05 08:21:41.397,7.44839,7.45002,2.40,1.65
2013.04.05 08:21:45.801,7.44839,7.45001,2.25,1.13
2013.04.05 08:21:46.047,7.44815,7.45001,2.03,1.13
2013.04.05 08:21:46.576,7.44815,7.44988,2.03,2.40
2013.04.05 08:21:47.333,7.44821,7.44982,2.55,1.65
2013.04.05 08:21:47.677,7.44818,7.44973,2.25,1.65
2013.04.05 08:21:47.807,7.44811,7.44973,2.18,1.65
2013.04.05 08:21:48.357,7.44811,7.44973,2.18,1.65
2013.04.05 08:21:48.877,7.44811,7.44968,2.18,3.15
2013.04.05 08:21:49.267,7.44807,7.44952,2.55,1.65
2013.04.05 08:21:49.476,7.44807,7.44952,2.55,1.65
2013.04.05 08:21:49.577,7.448,7.44952,1.95,1.65
2013.04.05 08:21:49.886,7.448,7.44953,1.95,2.40
2013.04.05 08:21:50.453,7.44801,7.44953,2.25,3.15
2013.04.05 08:21:54.768,7.44801,7.44938,2.25,1.65
2013.04.05 08:21:55.649,7.44801,7.44942,2.25,1.65
2013.04.05 08:21:55.787,7.44808,7.44944,1.65,1.65
2013.04.05 08:21:55.846,7.44808,7.44944,1.65,1.50
2013.04.05 08:21:56.027,7.44808,7.44952,1.65,1.65
2013.04.05 08:21:56.159,7.44814,7.44952,1.65,1.65
2013.04.05 08:21:58.271,7.44803,7.44954,2.25,1.65
2013.04.05 08:21:58.929,7.44803,7.44951,2.25,1.65
2013.04.05 08:21:58.997,7.44786,7.44945,2.63,1.13
2013.04.05 08:21:59.179,7.44786,7.44932,2.63,1.65
2013.04.05 08:21:59.427,7.44756,7.4491,1.50,1.13
2013.04.05 08:21:59.685,7.44756,7.44904,1.50,3.15
2013.04.05 08:21:59.987,7.44713,7.44873,1.95,2.25
2013.04.05 08:22:00.307,7.44713,7.44846,1.95,3.15
2013.04.05 08:22:02.363,7.44719,7.44846,1.13,3.00
2013.04.05 08:22:02.618,7.44773,7.44875,2.85,1.50
2013.04.05 08:22:02.748,7.44769,7.44882,2.93,1.50
2013.04.05 08:22:03.001,7.44769,7.44905,2.93,1.65
2013.04.05 08:22:03.676,7.44769,7.44882,2.93,1.13
2013.04.05 08:22:03.740,7.447,7.44842,1.50,2.25
2013.04.05 08:22:03.811,7.44698,7.44835,2.25,1.13
2013.04.05 08:22:03.878,7.44748,7.44835,2.33,1.13
2013.04.05 08:22:03.949,7.44748,7.44822,2.33,1.50
2013.04.05 08:22:04.078,7.44748,7.44852,2.33,2.25
2013.04.05 08:22:04.149,7.44748,7.44857,2.33,1.50
2013.04.05 08:22:04.337,7.44748,7.44899,2.33,2.25
2013.04.05 08:22:05.258,7.44748,7.44899,2.33,1.50
2013.04.05 08:22:06.656,7.4475,7.44899,1.13,1.50
2013.04.05 08:22:06.836,7.44773,7.44921,2.70,3.75
2013.04.05 08:22:06.956,7.4477,7.44921,2.70,1.50
2013.04.05 08:22:08.169,7.44795,7.44914,1.58,1.50
2013.04.05 08:22:08.247,7.44795,7.44924,1.58,2.55
2013.04.05 08:22:08.317,7.44815,7.44924,1.50,2.55
2013.04.05 08:22:08.506,7.44811,7.44925,1.88,2.48
2013.04.05 08:22:08.568,7.44811,7.44942,1.88,1.50
2013.04.05 08:22:08.637,7.44811,7.44942,1.88,1.50
2013.04.05 08:22:09.119,7.44804,7.44942,1.95,1.50
2013.04.05 08:22:09.800,7.44804,7.44946,1.95,1.50
2013.04.05 08:22:09.988,7.44804,7.44946,1.95,1.50
2013.04.05 08:22:10.496,7.44803,7.44946,2.78,1.50
2013.04.05 08:22:12.487,7.44803,7.44945,2.78,1.50
2013.04.05 08:22:12.826,7.44803,7.44946,2.78,1.50
2013.04.05 08:22:13.568,7.44819,7.44955,2.63,2.78
2013.04.05 08:22:13.697,7.44819,7.4499,2.78,3.15
2013.04.05 08:22:13.768,7.44819,7.44998,2.78,3.90
2013.04.05 08:22:14.708,7.44817,7.44998,2.63,3.00
2013.04.05 08:22:14.776,7.44859,7.44998,2.40,3.00
2013.04.05 08:22:14.847,7.44859,7.45008,2.40,2.25
2013.04.05 08:22:14.920,7.44859,7.45016,2.40,1.50
2013.04.05 08:22:14.987,7.44864,7.45024,1.80,1.50
2013.04.05 08:22:15.206,7.4486,7.45029,2.55,1.50
2013.04.05 08:22:18.388,7.4486,7.45031,2.55,2.25
2013.04.05 08:22:18.696,7.4486,7.45027,2.55,3.00
2013.04.05 08:22:19.107,7.4486,7.45027,2.55,1.50
2013.04.05 08:22:20.195,7.44859,7.45033,1.58,3.75
2013.04.05 08:22:27.949,7.44847,7.45025,1.50,1.50
2013.04.05 08:22:28.018,7.44824,7.45025,2.25,1.50
2013.04.05 08:22:28.087,7.44824,7.45009,2.25,1.50
2013.04.05 08:22:28.396,7.44824,7.44993,1.50,3.00
2013.04.05 08:22:28.706,7.44814,7.44993,1.50,3.00
2013.04.05 08:22:28.957,7.44809,7.44993,2.25,3.00
2013.04.05 08:22:29.158,7.44809,7.44981,2.25,2.25
2013.04.05 08:22:30.046,7.44817,7.4498,2.10,1.50
2013.04.05 08:22:32.597,7.44817,7.44985,2.10,3.00
2013.04.05 08:22:32.729,7.44821,7.44985,1.58,3.00
2013.04.05 08:22:34.829,7.44821,7.44993,1.58,2.25
2013.04.05 08:22:34.958,7.44821,7.44999,1.58,3.00
2013.04.05 08:22:36.108,7.44834,7.44999,2.40,3.00
2013.04.05 08:22:36.300,7.44834,7.45006,2.40,2.25
2013.04.05 08:22:36.369,7.44834,7.4501,2.40,2.25
2013.04.05 08:22:36.760,7.44824,7.4501,2.25,2.25
2013.04.05 08:22:37.402,7.44828,7.4501,2.85,2.25
2013.04.05 08:22:37.719,7.44846,7.45004,1.80,2.25
2013.04.05 08:22:37.967,7.44846,7.45018,1.80,1.50
2013.04.05 08:22:38.231,7.44846,7.45026,1.80,2.25
2013.04.05 08:22:38.300,7.44855,7.45026,2.78,2.25
2013.04.05 08:22:38.369,7.44855,7.45028,2.78,3.00
2013.04.05 08:22:38.437,7.44855,7.45035,2.78,2.25
2013.04.05 08:22:38.507,7.44855,7.45043,2.78,2.25
2013.04.05 08:22:39.368,7.44851,7.45043,1.50,2.25
2013.04.05 08:22:39.727,7.44863,7.45043,1.80,2.25
2013.04.05 08:22:40.047,7.44859,7.45043,2.10,2.25
2013.04.05 08:22:40.127,7.44855,7.45043,1.50,2.25
2013.04.05 08:22:41.219,7.44863,7.45043,1.73,2.25
2013.04.05 08:22:41.599,7.4486,7.45043,1.88,2.25
2013.04.05 08:22:42.478,7.44847,7.45031,2.25,1.50
2013.04.05 08:22:42.607,7.44847,7.45026,1.50,2.25
2013.04.05 08:22:42.797,7.44834,7.45026,1.50,2.25
2013.04.05 08:22:42.866,7.44838,7.45026,1.50,2.25
2013.04.05 08:22:42.927,7.44838,7.45026,1.50,2.25
2013.04.05 08:22:43.177,7.44834,7.45018,2.85,3.00
2013.04.05 08:22:43.308,7.44826,7.45018,1.50,3.00
2013.04.05 08:22:43.798,7.44818,7.45,2.25,3.00
2013.04.05 08:22:44.697,7.4482,7.45,2.55,3.00
2013.04.05 08:22:44.947,7.44823,7.45011,1.50,2.25
2013.04.05 08:22:45.017,7.44826,7.45011,2.55,2.25
2013.04.05 08:22:45.328,7.44839,7.45011,2.33,2.25
2013.04.05 08:22:45.397,7.4484,7.4503,1.65,3.15
2013.04.05 08:22:58.676,7.4484,7.45006,1.50,1.13
2013.04.05 08:22:58.737,7.44837,7.44983,2.63,1.13
2013.04.05 08:22:58.855,7.44816,7.44981,1.50,1.13
2013.04.05 08:22:58.932,7.44792,7.44978,1.65,2.40
2013.04.05 08:22:59.480,7.44788,7.44977,1.65,1.65
2013.04.05 08:23:03.161,7.44778,7.44961,1.50,1.88
2013.04.05 08:23:03.288,7.44776,7.44954,1.65,2.40
2013.04.05 08:23:03.796,7.44768,7.44954,1.65,3.15
2013.04.05 08:23:03.932,7.44768,7.44946,1.65,2.40
2013.04.05 08:23:07.006,7.44771,7.44945,1.73,1.65
2013.04.05 08:23:10.249,7.44777,7.44945,1.65,1.65
2013.04.05 08:23:12.415,7.44784,7.44945,1.50,1.65
2013.04.05 08:23:13.979,7.44779,7.44934,1.50,3.15
2013.04.05 08:23:14.704,7.44779,7.44934,1.50,3.15
2013.04.05 08:23:26.064,7.44769,7.44934,2.03,3.15
2013.04.05 08:23:28.815,7.44779,7.44934,1.50,3.15
2013.04.05 08:23:29.459,7.44779,7.44934,1.50,3.15
2013.04.05 08:23:33.694,7.44769,7.44934,2.03,3.15
2013.04.05 08:23:33.877,7.44769,7.44936,2.03,1.65
2013.04.05 08:23:47.399,7.44779,7.44936,1.50,1.65
2013.04.05 08:23:48.697,7.44769,7.44913,2.03,1.50
2013.04.05 08:24:12.687,7.44738,7.44913,2.25,1.50
2013.04.05 08:24:30.814,7.44738,7.44912,2.25,1.50
2013.04.05 08:24:49.938,7.44738,7.44935,2.25,3.15
2013.04.05 08:24:54.005,7.44738,7.44928,2.25,2.40
2013.04.05 08:25:00.071,7.44738,7.44927,2.25,1.50
2013.04.05 08:25:20.227,7.44738,7.44931,2.25,1.65
2013.04.05 08:25:26.031,7.44738,7.44933,2.25,3.15
2013.04.05 08:25:40.360,7.44738,7.44931,2.25,2.40
2013.04.05 08:25:50.807,7.44765,7.44931,2.18,2.40
2013.04.05 08:25:51.138,7.44765,7.44907,2.18,1.50
2013.04.05 08:25:52.043,7.44765,7.44903,2.18,1.50
2013.04.05 08:25:52.398,7.44765,7.44902,2.18,1.50
2013.04.05 08:25:55.237,7.44771,7.44902,2.85,1.50
2013.04.05 08:25:56.657,7.44771,7.44902,2.85,1.50
2013.04.05 08:25:57.021,7.44776,7.44907,2.03,1.50
2013.04.05 08:25:58.412,7.44776,7.44892,2.03,1.13
2013.04.05 08:25:58.619,7.44738,7.44872,1.88,1.88
2013.04.05 08:25:58.690,7.44718,7.44872,2.72,1.88
2013.04.05 08:25:59.657,7.44741,7.44854,1.88,1.65
2013.04.05 08:25:59.728,7.44741,7.44854,1.88,1.50
2013.04.05 08:26:01.106,7.44741,7.44892,1.88,1.65
2013.04.05 08:26:05.169,7.44736,7.44892,2.48,1.65
2013.04.05 08:26:06.179,7.44736,7.44892,2.48,1.65
2013.04.05 08:26:07.360,7.4474,7.44892,1.13,1.50
2013.04.05 08:26:07.488,7.44771,7.44897,1.50,1.50
2013.04.05 08:26:07.557,7.44771,7.44902,1.50,1.50
2013.04.05 08:26:07.688,7.44771,7.44915,1.50,1.50
2013.04.05 08:26:07.759,7.44768,7.44915,1.80,1.50
2013.04.05 08:26:09.190,7.44768,7.4492,1.80,1.50
2013.04.05 08:26:10.589,7.44768,7.44913,1.80,1.50
2013.04.05 08:26:10.720,7.44768,7.44916,1.80,1.50
2013.04.05 08:26:10.849,7.44768,7.44916,1.80,1.50
2013.04.05 08:26:11.098,7.44789,7.44932,2.10,1.50
2013.04.05 08:26:11.997,7.44793,7.44942,1.88,1.50
2013.04.05 08:26:12.247,7.44793,7.44942,1.88,1.50
2013.04.05 08:26:14.132,7.44793,7.44943,1.88,1.65
2013.04.05 08:26:17.682,7.44793,7.44943,1.88,1.65
2013.04.05 08:26:17.772,7.44767,7.44935,1.73,1.65
2013.04.05 08:26:19.219,7.44767,7.44925,1.73,1.65
2013.04.05 08:26:27.158,7.44762,7.44925,2.25,1.65
2013.04.05 08:26:27.527,7.44758,7.44917,2.03,1.65
2013.04.05 08:26:28.352,7.44758,7.44912,2.03,1.65
2013.04.05 08:26:29.237,7.44758,7.4491,2.03,1.50
2013.04.05 08:26:29.547,7.44781,7.44917,2.33,1.50
2013.04.05 08:26:31.147,7.44781,7.44917,2.33,1.50
2013.04.05 08:26:32.208,7.44784,7.44932,2.18,1.50
2013.04.05 08:26:32.457,7.44794,7.44941,1.65,3.00
2013.04.05 08:26:32.587,7.44794,7.44942,1.65,1.50
2013.04.05 08:26:33.265,7.44794,7.44942,1.65,1.50
2013.04.05 08:26:47.308,7.44794,7.44936,1.65,1.50
2013.04.05 08:26:47.438,7.44788,7.44935,1.95,2.25
2013.04.05 08:26:50.167,7.44786,7.44933,2.93,1.50
2013.04.05 08:26:50.768,7.44786,7.44927,2.93,3.00
2013.04.05 08:26:51.442,7.44786,7.44927,2.93,3.00
2013.04.05 08:26:51.512,7.44807,7.44933,1.88,1.50
2013.04.05 08:26:51.652,7.44807,7.44933,1.88,1.50
2013.04.05 08:26:51.722,7.44807,7.44943,1.73,1.65
2013.04.05 08:26:51.933,7.44777,7.44931,2.10,3.00
2013.04.05 08:26:52.849,7.44777,7.44926,2.10,3.00
2013.04.05 08:26:56.167,7.44802,7.44903,1.88,1.50
2013.04.05 08:26:56.298,7.44802,7.44923,1.88,1.50
2013.04.05 08:26:56.489,7.44802,7.44923,1.88,1.50
2013.04.05 08:26:57.390,7.44781,7.44923,2.03,1.50
2013.04.05 08:26:57.458,7.44781,7.44933,1.88,1.65
2013.04.05 08:26:57.648,7.44781,7.44928,1.88,1.50
2013.04.05 08:27:00.105,7.44781,7.44907,1.88,1.50
2013.04.05 08:27:00.957,7.44768,7.44907,1.50,1.65
2013.04.05 08:27:01.018,7.44754,7.44903,1.50,1.65
2013.04.05 08:27:01.338,7.44768,7.44897,2.48,3.00
2013.04.05 08:27:01.684,7.44768,7.44891,2.48,2.25
2013.04.05 08:27:03.749,7.4479,7.44891,2.55,2.25
2013.04.05 08:27:03.819,7.4479,7.44892,2.55,1.50
2013.04.05 08:27:03.887,7.4479,7.44903,2.55,1.50
2013.04.05 08:27:04.017,7.4479,7.44903,2.55,1.65
2013.04.05 08:27:04.087,7.44755,7.44903,1.65,1.65
2013.04.05 08:27:04.146,7.44755,7.44896,1.65,3.00
2013.04.05 08:27:04.899,7.44755,7.44891,1.65,2.25
2013.04.05 08:27:06.907,7.44733,7.44872,2.78,1.50
2013.04.05 08:27:07.156,7.44733,7.44872,2.78,1.50
2013.04.05 08:27:09.179,7.44733,7.44849,2.78,1.50
2013.04.05 08:27:14.666,7.44577,7.44753,1.88,1.88
2013.04.05 08:27:14.742,7.44611,7.44762,1.95,2.25
2013.04.05 08:27:15.000,7.44611,7.44784,1.95,1.50
2013.04.05 08:27:15.129,7.44611,7.44782,1.95,1.65
2013.04.05 08:27:15.258,7.44588,7.44782,1.50,1.65
2013.04.05 08:27:15.389,7.44588,7.44772,1.50,3.15
2013.04.05 08:27:15.577,7.4458,7.44761,1.65,1.50
2013.04.05 08:27:16.342,7.446,7.44741,1.65,1.50
2013.04.05 08:27:16.677,7.44598,7.44707,1.50,1.50
2013.04.05 08:27:16.987,7.44588,7.44712,3.79,1.65
2013.04.05 08:27:17.177,7.44574,7.44702,2.63,1.50
2013.04.05 08:27:17.236,7.44574,7.44692,2.63,1.50
2013.04.05 08:27:18.236,7.44574,7.44702,2.63,1.50
2013.04.05 08:27:20.117,7.44575,7.4471,2.55,1.50
2013.04.05 08:27:22.667,7.44583,7.4471,2.40,1.50
2013.04.05 08:27:22.735,7.44583,7.4471,2.40,1.50
2013.04.05 08:27:24.227,7.44583,7.4471,2.40,1.50
2013.04.05 08:27:43.687,7.44583,7.44706,2.40,1.50
2013.04.05 08:27:43.757,7.44583,7.44703,2.40,1.50
2013.04.05 08:27:43.886,7.44528,7.44699,2.25,1.50
2013.04.05 08:27:43.945,7.44528,7.44693,1.88,1.13
2013.04.05 08:27:44.007,7.44518,7.44643,1.50,2.25
2013.04.05 08:27:44.260,7.44467,7.44631,1.88,1.13
2013.04.05 08:27:44.330,7.44467,7.4465,2.25,2.25
2013.04.05 08:27:44.786,7.44467,7.44654,2.25,3.15
2013.04.05 08:27:44.967,7.44467,7.44665,2.25,2.40
2013.04.05 08:27:45.026,7.44467,7.44672,2.25,3.15
2013.04.05 08:27:45.148,7.44467,7.44648,2.25,1.50
2013.04.05 08:27:45.216,7.44458,7.44648,1.65,1.65
2013.04.05 08:27:46.187,7.44457,7.44633,1.65,1.50
2013.04.05 08:27:47.178,7.44448,7.44618,2.25,1.50
2013.04.05 08:27:47.427,7.44454,7.44642,1.13,1.65
2013.04.05 08:27:47.498,7.44548,7.44646,1.88,2.25
2013.04.05 08:27:47.567,7.44548,7.44651,1.88,1.50
2013.04.05 08:27:47.637,7.44548,7.44675,1.88,1.50
2013.04.05 08:27:47.696,7.44537,7.44675,1.65,1.50
2013.04.05 08:27:47.757,7.44537,7.44689,1.65,1.73
2013.04.05 08:27:48.067,7.44538,7.44694,2.78,2.40
2013.04.05 08:27:48.656,7.44568,7.44694,2.63,2.40
2013.04.05 08:27:48.837,7.44568,7.44698,2.63,2.55
2013.04.05 08:27:48.907,7.44569,7.44698,3.00,2.55
2013.04.05 08:27:49.830,7.44582,7.44703,2.25,2.18
2013.04.05 08:27:49.907,7.4459,7.44717,2.25,2.78
2013.04.05 08:27:52.406,7.4459,7.44757,2.25,2.25
2013.04.05 08:27:52.587,7.446,7.44757,2.25,2.25
2013.04.05 08:27:52.707,7.446,7.44765,2.25,2.03
2013.04.05 08:27:52.831,7.44598,7.44768,2.63,2.18
2013.04.05 08:27:55.197,7.44628,7.44768,1.88,2.18
2013.04.05 08:27:55.376,7.44639,7.44811,1.13,1.50
2013.04.05 08:27:57.657,7.44637,7.44807,2.63,1.13
2013.04.05 08:27:57.837,7.4458,7.4478,1.05,1.13
2013.04.05 08:27:58.927,7.4457,7.44763,1.13,3.15
2013.04.05 08:28:01.929,7.44567,7.44748,2.78,1.65
2013.04.05 08:28:02.130,7.44567,7.44742,2.03,1.65
2013.04.05 08:28:02.330,7.44544,7.44724,1.13,1.50
2013.04.05 08:28:03.177,7.44544,7.44724,1.13,1.50
2013.04.05 08:28:04.141,7.44544,7.44724,1.13,1.50
2013.04.05 08:28:20.129,7.44626,7.44708,2.40,1.50
2013.04.05 08:28:29.962,7.44627,7.4471,2.18,1.50
2013.04.05 08:28:31.660,7.44627,7.4471,2.18,1.50
2013.04.05 08:28:40.029,7.44626,7.4471,1.65,1.50
2013.04.05 08:28:45.217,7.44626,7.4471,1.65,1.50
2013.04.05 08:28:45.417,7.44621,7.4471,2.33,1.50
2013.04.05 08:28:47.320,7.44621,7.4471,2.33,1.50
2013.04.05 08:28:49.874,7.44622,7.44706,2.93,1.50
2013.04.05 08:28:50.238,7.44626,7.44706,2.18,1.50
2013.04.05 08:28:51.103,7.44626,7.44706,2.18,1.50
2013.04.05 08:29:01.072,7.44626,7.44706,2.40,1.50
2013.04.05 08:29:01.197,7.44622,7.44706,2.03,1.50
2013.04.05 08:29:02.178,7.44622,7.44706,2.03,1.50
2013.04.05 08:29:06.167,7.44627,7.44706,2.78,1.50
2013.04.05 08:29:07.139,7.44627,7.44706,2.78,1.50
2013.04.05 08:29:30.058,7.44626,7.44703,1.88,1.50
2013.04.05 08:29:49.167,7.44626,7.44703,1.88,1.50
2013.04.05 08:29:49.226,7.44621,7.44703,2.03,1.50
2013.04.05 08:29:50.120,7.44621,7.44703,2.03,1.50
2013.04.05 08:29:54.186,7.44627,7.44703,1.88,1.50
2013.04.05 08:29:55.099,7.44627,7.44703,1.88,1.50
2013.04.05 08:30:05.112,7.44627,7.44703,1.88,1.50
2013.04.05 08:30:05.237,7.44622,7.44703,2.40,1.50
2013.04.05 08:30:06.100,7.44622,7.44703,2.40,1.50
2013.04.05 08:30:10.060,7.44622,7.44705,2.40,1.50
2013.04.05 08:30:10.370,7.44627,7.44705,2.48,1.50
2013.04.05 08:30:21.097,7.44627,7.44714,1.65,1.50
2013.04.05 08:30:21.217,7.44621,7.44714,2.70,1.50
2013.04.05 08:30:22.161,7.44621,7.44716,2.70,1.50
2013.04.05 08:30:24.907,7.44621,7.44716,2.70,1.65
2013.04.05 08:30:24.967,7.44601,7.44716,2.55,1.65
2013.04.05 08:30:25.207,7.44605,7.4469,2.33,1.50
2013.04.05 08:30:25.539,7.44605,7.44698,2.33,1.65
2013.04.05 08:30:26.958,7.446,7.44689,2.55,1.50
2013.04.05 08:30:28.108,7.446,7.44689,2.55,1.50
2013.04.05 08:30:37.238,7.446,7.44689,2.78,1.50
2013.04.05 08:30:37.308,7.44595,7.44689,2.18,1.50
2013.04.05 08:30:38.168,7.44595,7.44689,2.18,1.50
2013.04.05 08:30:42.179,7.44595,7.44689,2.18,1.50
2013.04.05 08:30:42.553,7.446,7.44689,1.88,1.50
2013.04.05 08:30:43.294,7.446,7.44689,1.88,1.50
2013.04.05 08:30:50.110,7.44601,7.44693,2.03,1.50
2013.04.05 08:30:53.091,7.44601,7.44693,2.03,1.50
2013.04.05 08:30:53.217,7.44596,7.44693,2.63,1.50
2013.04.05 08:30:54.170,7.44596,7.44686,2.63,1.50
2013.04.05 08:30:58.128,7.44601,7.44686,1.73,1.50
2013.04.05 08:30:59.178,7.44601,7.44686,1.73,1.50
2013.04.05 08:31:09.117,7.44601,7.44686,1.73,1.50
2013.04.05 08:31:09.238,7.44596,7.44686,2.63,1.50
2013.04.05 08:31:10.168,7.44596,7.44686,2.63,1.50
2013.04.05 08:31:14.207,7.446,7.44686,2.18,1.50
2013.04.05 08:31:20.949,7.446,7.44687,2.18,1.50
2013.04.05 08:31:21.078,7.44605,7.44687,2.93,1.50
2013.04.05 08:31:29.979,7.44604,7.44695,2.40,1.50
2013.04.05 08:31:31.927,7.44604,7.44695,2.40,1.50
2013.04.05 08:31:32.233,7.44609,7.44695,2.55,1.50
2013.04.05 08:31:39.957,7.44601,7.44695,2.33,1.50
2013.04.05 08:31:41.835,7.44601,7.4469,2.33,1.50
2013.04.05 08:31:49.967,7.446,7.4469,1.73,1.50
2013.04.05 08:32:27.319,7.446,7.44691,1.73,1.50
2013.04.05 08:32:45.647,7.44515,7.44688,1.13,1.50
2013.04.05 08:32:45.705,7.44507,7.44616,1.50,1.13
2013.04.05 08:32:45.763,7.44197,7.44586,2.18,6.61
2013.04.05 08:32:45.823,7.44409,7.44616,2.25,1.13
2013.04.05 08:32:46.128,7.44246,7.44418,3.00,1.73
2013.04.05 08:32:46.257,7.44234,7.44418,2.25,1.73
2013.04.05 08:32:46.450,7.44216,7.4442,2.78,1.56
2013.04.05 08:32:46.521,7.44217,7.4441,2.78,1.84
2013.04.05 08:32:46.709,7.44217,7.44456,2.78,3.00
2013.04.05 08:32:46.909,7.44257,7.44482,2.78,3.00
2013.04.05 08:32:47.677,7.44279,7.44451,1.50,1.50
2013.04.05 08:32:47.753,7.44279,7.44451,1.50,1.50
2013.04.05 08:32:48.180,7.44279,7.44445,1.50,1.50
2013.04.05 08:32:48.248,7.44279,7.44445,1.50,1.50
2013.04.05 08:32:49.115,7.44279,7.44445,1.50,1.50
2013.04.05 08:32:49.659,7.44287,7.44453,1.50,1.50
2013.04.05 08:32:49.728,7.44287,7.4446,1.50,1.50
2013.04.05 08:32:49.910,7.44298,7.44462,1.65,1.50
2013.04.05 08:32:50.218,7.44316,7.44466,1.50,1.58
2013.04.05 08:32:50.499,7.44307,7.44466,2.78,1.58
2013.04.05 08:32:51.059,7.44312,7.44492,1.50,2.25
2013.04.05 08:32:51.129,7.44317,7.44492,1.50,1.50
2013.04.05 08:32:51.470,7.44337,7.44514,2.25,1.50
2013.04.05 08:32:51.832,7.44338,7.44517,2.63,2.10
2013.04.05 08:32:52.022,7.44347,7.44523,2.63,2.93
2013.04.05 08:32:52.147,7.44359,7.44523,1.13,2.93
2013.04.05 08:32:52.208,7.44407,7.44547,2.25,3.75
2013.04.05 08:32:52.389,7.44407,7.44547,2.25,1.50
2013.04.05 08:32:53.078,7.44419,7.44557,1.13,1.80
2013.04.05 08:32:53.232,7.44438,7.44578,2.25,1.58
2013.04.05 08:32:55.600,7.44438,7.44578,1.88,1.80
2013.04.05 08:32:55.850,7.44342,7.44425,1.65,1.50
2013.04.05 08:32:55.918,7.4426,7.44424,3.00,1.50
2013.04.05 08:32:55.989,7.44241,7.44424,3.15,1.50
2013.04.05 08:32:56.058,7.44241,7.44426,3.15,1.80
2013.04.05 08:32:56.308,7.44227,7.44429,1.65,3.60
2013.04.05 08:32:58.690,7.44221,7.44399,2.40,1.50
2013.04.05 08:32:59.129,7.44221,7.44399,2.40,1.50
2013.04.05 08:33:01.078,7.44228,7.44398,2.40,1.50
2013.04.05 08:33:07.738,7.44228,7.44398,3.15,1.50
2013.04.05 08:33:07.917,7.44229,7.44398,1.13,1.50
2013.04.05 08:33:09.118,7.44229,7.44414,1.13,2.18
2013.04.05 08:33:09.188,7.44228,7.44414,4.88,2.03
2013.04.05 08:33:09.259,7.44288,7.44429,1.88,1.50
2013.04.05 08:33:09.330,7.44288,7.44431,1.88,1.50
2013.04.05 08:33:09.398,7.443,7.44439,1.13,2.25
2013.04.05 08:33:09.710,7.443,7.44435,1.13,2.10
2013.04.05 08:33:10.298,7.443,7.44439,1.13,2.55
2013.04.05 08:33:10.598,7.443,7.44448,1.13,3.15
2013.04.05 08:33:10.718,7.44288,7.44423,2.63,1.88
2013.04.05 08:33:11.029,7.44223,7.44372,2.40,2.85
2013.04.05 08:33:11.497,7.44223,7.44372,2.40,2.85
2013.04.05 08:33:13.169,7.44223,7.44362,2.40,1.50
2013.04.05 08:33:14.183,7.44223,7.44362,2.40,1.50
2013.04.05 08:33:25.888,7.44223,7.44362,1.50,1.50
2013.04.05 08:33:25.959,7.44223,7.44281,1.50,2.93
2013.04.05 08:33:26.029,7.44193,7.44281,2.25,2.93
2013.04.05 08:33:26.098,7.44141,7.44281,1.50,2.93
2013.04.05 08:33:26.168,7.44148,7.44281,1.88,2.93
2013.04.05 08:33:26.239,7.44148,7.44322,2.25,3.00
2013.04.05 08:33:26.307,7.44148,7.44322,3.00,3.00
2013.04.05 08:33:26.427,7.4415,7.44328,1.13,1.50
2013.04.05 08:33:26.488,7.4415,7.44328,1.13,3.08
2013.04.05 08:33:27.274,7.4415,7.44332,1.13,1.65
2013.04.05 08:33:27.410,7.4415,7.44323,1.13,1.50
2013.04.05 08:33:28.178,7.4415,7.44323,1.13,1.50
2013.04.05 08:33:45.959,7.44149,7.44323,1.13,1.50
2013.04.05 08:33:57.210,7.4415,7.44317,3.15,1.50
2013.04.05 08:33:57.458,7.44143,7.44317,2.40,1.50
2013.04.05 08:33:58.678,7.44143,7.44311,2.25,1.13
2013.04.05 08:33:58.798,7.44129,7.44287,1.50,1.88
2013.04.05 08:33:58.927,7.44128,7.44273,2.25,1.13
2013.04.05 08:33:58.988,7.44098,7.44236,2.63,2.33
2013.04.05 08:33:59.169,7.44075,7.44236,1.50,2.33
2013.04.05 08:33:59.242,7.44078,7.44226,1.13,1.50
2013.04.05 08:33:59.428,7.4408,7.44256,1.13,2.25
2013.04.05 08:33:59.498,7.4408,7.44261,1.13,1.50
2013.04.05 08:33:59.698,7.44082,7.44261,1.65,1.50
2013.04.05 08:34:00.277,7.44083,7.44248,1.65,1.50
2013.04.05 08:34:01.179,7.44083,7.44248,1.65,1.50
2013.04.05 08:34:02.648,7.44078,7.44241,1.13,1.50
2013.04.05 08:34:02.718,7.44051,7.44223,3.15,1.65
2013.04.05 08:34:02.899,7.44053,7.44224,1.65,1.65
2013.04.05 08:34:02.968,7.44044,7.44223,1.13,1.50
2013.04.05 08:34:03.330,7.44067,7.44223,2.25,1.50
2013.04.05 08:34:04.248,7.4407,7.44236,1.13,1.50
2013.04.05 08:34:04.571,7.44067,7.44236,2.63,1.65
2013.04.05 08:34:04.758,7.44053,7.44215,1.65,1.65
2013.04.05 08:34:04.889,7.4405,7.44219,1.13,1.50
2013.04.05 08:34:05.144,7.4405,7.44217,1.13,1.50
2013.04.05 08:34:06.201,7.4405,7.44217,1.13,1.50
2013.04.05 08:34:11.224,7.4405,7.44217,1.13,1.50
2013.04.05 08:34:12.127,7.4405,7.44222,1.13,1.50
2013.04.05 08:34:12.639,7.44047,7.44222,2.63,1.50
2013.04.05 08:34:12.707,7.44047,7.44133,2.63,1.95
2013.04.05 08:34:12.827,7.43951,7.44066,1.50,1.80
2013.04.05 08:34:12.887,7.43927,7.44064,2.25,1.50
2013.04.05 08:34:12.946,7.43876,7.44056,1.50,1.50
2013.04.05 08:34:13.189,7.43899,7.44066,1.95,1.50
2013.04.05 08:34:13.330,7.43895,7.44066,1.58,1.50
2013.04.05 08:34:13.460,7.43895,7.44066,1.58,1.50
2013.04.05 08:34:13.527,7.439,7.44066,1.50,1.50
2013.04.05 08:34:15.228,7.439,7.44049,2.18,1.50
2013.04.05 08:34:16.227,7.439,7.44049,2.18,1.50
2013.04.05 08:34:17.318,7.439,7.44049,2.18,1.50
2013.04.05 08:34:20.546,7.439,7.44049,2.63,1.50
2013.04.05 08:34:20.727,7.43895,7.44049,2.70,1.50
2013.04.05 08:34:22.216,7.43895,7.44049,2.70,1.50
2013.04.05 08:34:22.518,7.439,7.44049,2.70,1.50
2013.04.05 08:34:23.597,7.43894,7.44048,2.55,1.50
2013.04.05 08:34:23.739,7.43894,7.44048,2.55,1.50
2013.04.05 08:34:24.177,7.43894,7.44049,2.55,1.50
2013.04.05 08:34:24.534,7.43898,7.44049,2.40,1.50
2013.04.05 08:34:25.508,7.43898,7.44049,2.40,1.50
2013.04.05 08:34:28.966,7.43974,7.44076,2.70,1.50
2013.04.05 08:34:29.148,7.43974,7.4409,2.70,2.33
2013.04.05 08:34:32.138,7.43979,7.4409,1.13,2.33
2013.04.05 08:34:32.209,7.43979,7.44134,1.13,1.50
2013.04.05 08:34:32.399,7.44007,7.44141,2.85,1.50
2013.04.05 08:34:33.115,7.44007,7.44162,2.85,1.50
2013.04.05 08:34:35.440,7.44017,7.44165,1.50,1.65
2013.04.05 08:34:36.309,7.44017,7.4417,1.50,1.65
2013.04.05 08:34:36.387,7.44023,7.44164,1.50,1.65
2013.04.05 08:34:36.974,7.44023,7.44164,1.50,1.65
2013.04.05 08:34:37.482,7.44023,7.44164,1.50,1.65
2013.04.05 08:34:37.619,7.44023,7.44164,1.50,1.65
2013.04.05 08:34:38.289,7.44019,7.4417,1.50,1.65
2013.04.05 08:34:38.538,7.44019,7.4417,1.50,1.65
2013.04.05 08:34:38.630,7.44022,7.44182,1.50,1.65
2013.04.05 08:34:39.230,7.44022,7.44178,1.50,1.65
2013.04.05 08:34:40.148,7.44022,7.44178,1.50,1.65
2013.04.05 08:34:40.209,7.44023,7.44171,1.50,1.65
2013.04.05 08:34:41.177,7.44023,7.44171,1.50,1.65
2013.04.05 08:34:41.683,7.44023,7.44171,1.50,1.65
2013.04.05 08:34:41.887,7.44023,7.44178,1.50,1.65
2013.04.05 08:34:42.549,7.44019,7.44186,1.50,1.65
2013.04.05 08:34:43.599,7.44019,7.44186,1.50,1.65
2013.04.05 08:34:44.750,7.44009,7.44171,2.25,1.65
2013.04.05 08:34:48.119,7.44019,7.44186,1.50,1.65
2013.04.05 08:34:48.740,7.44019,7.44186,1.50,1.65
2013.04.05 08:34:49.570,7.44019,7.44186,1.50,1.65
2013.04.05 08:34:50.059,7.44019,7.44186,1.50,1.65
2013.04.05 08:34:51.211,7.44023,7.44173,1.50,1.65
2013.04.05 08:34:51.910,7.44023,7.44173,1.50,1.65
2013.04.05 08:34:52.994,7.44023,7.44173,1.50,1.65
2013.04.05 08:34:53.810,7.44023,7.44179,1.50,1.65
2013.04.05 08:34:56.293,7.44023,7.44179,1.50,1.65
2013.04.05 08:34:58.438,7.44043,7.44179,2.63,1.50
2013.04.05 08:34:58.749,7.44066,7.44201,2.25,1.50
2013.04.05 08:34:59.081,7.44076,7.44213,1.50,2.40
2013.04.05 08:34:59.459,7.44079,7.44213,1.50,2.40
2013.04.05 08:34:59.672,7.44095,7.44237,1.50,2.18
2013.04.05 08:34:59.744,7.44103,7.44237,1.50,2.18
2013.04.05 08:34:59.814,7.4419,7.44238,2.48,2.55
2013.04.05 08:34:59.883,7.4419,7.44238,2.48,2.40
2013.04.05 08:35:00.129,7.44188,7.44238,2.48,2.40
2013.04.05 08:35:00.318,7.44188,7.44329,3.23,1.50
2013.04.05 08:35:00.747,7.44147,7.44307,1.88,1.50
2013.04.05 08:35:00.809,7.44138,7.44307,2.25,1.50
2013.04.05 08:35:01.059,7.44129,7.44302,1.50,3.00
2013.04.05 08:35:01.390,7.44141,7.44302,2.70,3.00
2013.04.05 08:35:01.518,7.44151,7.44302,1.50,2.25
2013.04.05 08:35:01.649,7.44155,7.44302,1.50,2.40
2013.04.05 08:35:02.179,7.44155,7.44302,1.50,2.40
2013.04.05 08:35:03.232,7.44155,7.44302,1.50,2.40
2013.04.05 08:35:04.342,7.44155,7.44302,1.50,2.40
2013.04.05 08:35:04.419,7.44155,7.44302,1.50,2.40
2013.04.05 08:35:04.679,7.44154,7.44302,1.80,2.25
2013.04.05 08:35:04.808,7.44162,7.44302,1.80,2.25
2013.04.05 08:35:05.871,7.44167,7.44302,2.85,2.25
2013.04.05 08:35:05.942,7.44167,7.44302,2.85,2.25
2013.04.05 08:35:07.039,7.44163,7.44314,2.55,1.65
2013.04.05 08:35:07.173,7.44134,7.44313,1.50,1.50
2013.04.05 08:35:07.358,7.44125,7.44302,1.50,1.50
2013.04.05 08:35:08.485,7.44133,7.44299,1.50,1.50
2013.04.05 08:35:08.808,7.44132,7.44292,1.73,1.50
2013.04.05 08:35:11.149,7.44132,7.44263,1.80,1.88
2013.04.05 08:35:11.470,7.44094,7.44252,2.85,1.13
2013.04.05 08:35:12.218,7.44094,7.44251,2.85,1.13
2013.04.05 08:35:12.578,7.44084,7.4424,2.03,1.13
2013.04.05 08:35:14.240,7.44093,7.44244,1.50,1.65
2013.04.05 08:35:14.612,7.44098,7.4425,1.58,1.13
2013.04.05 08:35:14.919,7.44098,7.44262,1.58,2.63
2013.04.05 08:35:14.991,7.44142,7.44263,1.95,2.25
2013.04.05 08:35:15.298,7.44201,7.44322,2.03,2.25
2013.04.05 08:35:15.957,7.44201,7.44357,2.03,1.65
2013.04.05 08:35:16.250,7.44201,7.4434,2.03,1.13
2013.04.05 08:35:16.324,7.44182,7.4434,1.50,1.13
2013.04.05 08:35:16.648,7.44174,7.44339,2.40,1.65
2013.04.05 08:35:17.038,7.4418,7.44339,2.70,1.65
2013.04.05 08:35:18.157,7.4419,7.44339,1.13,1.50
2013.04.05 08:35:18.226,7.44249,7.4436,1.95,1.50
2013.04.05 08:35:18.369,7.44249,7.444,1.95,1.50
2013.04.05 08:35:20.212,7.44249,7.444,1.50,1.50
2013.04.05 08:35:20.921,7.44249,7.44372,1.50,1.13
2013.04.05 08:35:20.992,7.44217,7.44372,2.63,1.13
2013.04.05 08:35:21.119,7.44186,7.44351,2.10,1.13
2013.04.05 08:35:21.190,7.44257,7.44351,2.25,1.13
2013.04.05 08:35:21.380,7.44257,7.44362,2.25,2.63
2013.04.05 08:35:21.571,7.44257,7.44372,2.25,3.00
2013.04.05 08:35:21.639,7.44219,7.44362,1.13,1.88
2013.04.05 08:35:21.709,7.44208,7.44362,2.25,2.25
2013.04.05 08:35:21.780,7.44208,7.44362,2.25,2.25
2013.04.05 08:35:22.138,7.44193,7.44355,1.50,1.13
2013.04.05 08:35:23.226,7.44192,7.44347,1.80,1.65
2013.04.05 08:35:24.180,7.44192,7.44338,1.80,1.65
2013.04.05 08:35:24.450,7.44195,7.44342,1.13,1.50
2013.04.05 08:35:24.520,7.44234,7.44342,2.63,1.50
2013.04.05 08:35:24.588,7.44234,7.44354,2.63,1.50
2013.04.05 08:35:25.081,7.44238,7.44376,2.93,1.50
2013.04.05 08:35:26.198,7.44238,7.44384,2.93,1.65
2013.04.05 08:35:27.234,7.44238,7.44384,3.08,1.50
2013.04.05 08:35:27.299,7.44257,7.44396,2.33,1.50
2013.04.05 08:35:28.238,7.44257,7.44396,2.33,1.65
2013.04.05 08:35:28.309,7.44235,7.44386,1.80,1.65
2013.04.05 08:35:29.187,7.44235,7.44386,1.80,1.65
2013.04.05 08:35:30.538,7.44235,7.44378,1.80,1.65
2013.04.05 08:35:31.198,7.44238,7.44378,1.50,1.65
2013.04.05 08:35:32.939,7.44255,7.44378,2.93,1.50
2013.04.05 08:35:33.008,7.44255,7.44378,2.93,1.50
2013.04.05 08:35:33.488,7.4426,7.44401,1.65,1.50
2013.04.05 08:35:35.196,7.4426,7.44401,1.65,1.50
2013.04.05 08:35:40.179,7.44261,7.44401,2.70,1.50
2013.04.05 08:35:41.356,7.44261,7.44401,2.70,1.50
2013.04.05 08:35:41.420,7.44256,7.44401,2.55,1.50
2013.04.05 08:35:43.115,7.44256,7.44405,2.55,1.65
2013.04.05 08:35:43.487,7.44261,7.44405,2.10,1.65
2013.04.05 08:35:45.510,7.44261,7.44405,2.10,1.65
2013.04.05 08:35:50.058,7.4426,7.44405,2.85,1.65
2013.04.05 08:35:50.499,7.44257,7.44421,1.50,1.65
2013.04.05 08:35:52.169,7.44256,7.44406,1.95,1.65
2013.04.05 08:35:59.200,7.44261,7.44406,2.10,1.65
2013.04.05 08:35:59.761,7.44261,7.44406,2.10,1.65
2013.04.05 08:36:00.279,7.4426,7.44406,2.25,1.65
2013.04.05 08:36:06.897,7.4426,7.44406,1.80,1.50
2013.04.05 08:36:06.958,7.44257,7.44406,2.55,1.50
2013.04.05 08:36:08.238,7.44257,7.44404,2.55,1.50
2013.04.05 08:36:08.358,7.44257,7.44428,2.55,2.40
2013.04.05 08:36:18.889,7.4426,7.44428,1.88,2.40
2013.04.05 08:36:20.138,7.4426,7.44428,3.08,2.25
2013.04.05 08:36:20.458,7.44289,7.44452,2.18,1.65
2013.04.05 08:36:21.868,7.44299,7.44453,1.13,1.50
2013.04.05 08:36:22.128,7.44334,7.44483,2.18,1.65
2013.04.05 08:36:22.248,7.44334,7.44493,2.18,1.65
2013.04.05 08:36:23.207,7.44334,7.44485,2.18,2.40
2013.04.05 08:36:27.629,7.4433,7.44482,2.63,1.65
2013.04.05 08:36:27.757,7.4433,7.44469,2.63,2.25
2013.04.05 08:36:28.081,7.44328,7.44469,2.33,2.25
2013.04.05 08:36:28.210,7.44295,7.44469,3.00,2.25
2013.04.05 08:36:29.499,7.44305,7.44473,1.65,1.65
2013.04.05 08:36:29.568,7.44305,7.44487,1.65,2.40
2013.04.05 08:36:29.627,7.44312,7.44487,3.15,1.65
2013.04.05 08:36:29.688,7.44315,7.44493,1.13,1.50
2013.04.05 08:36:29.748,7.44326,7.44502,1.65,1.65
2013.04.05 08:36:29.818,7.44334,7.44508,3.15,1.65
2013.04.05 08:36:29.877,7.44334,7.44508,3.15,1.65
2013.04.05 08:36:30.058,7.44345,7.44513,2.25,1.65
2013.04.05 08:36:31.062,7.4433,7.44484,2.25,1.65
2013.04.05 08:36:31.368,7.4433,7.44488,2.25,1.80
2013.04.05 08:36:31.620,7.44307,7.44485,2.40,1.65
2013.04.05 08:36:32.378,7.44307,7.44483,2.25,3.08
2013.04.05 08:36:32.559,7.44307,7.44477,2.25,1.65
2013.04.05 08:36:39.079,7.44311,7.44477,1.13,1.50
2013.04.05 08:36:39.209,7.44335,7.44493,1.13,1.50
2013.04.05 08:36:39.278,7.44335,7.44494,1.13,1.50
2013.04.05 08:36:39.467,7.44349,7.44517,1.65,1.65
2013.04.05 08:36:41.125,7.44348,7.44517,1.65,1.65
2013.04.05 08:36:42.610,7.44348,7.44523,1.65,1.65
2013.04.05 08:36:42.969,7.44351,7.44522,1.65,1.50
2013.04.05 08:36:43.097,7.44353,7.44526,1.65,1.50
2013.04.05 08:36:48.549,7.4436,7.44526,1.13,1.50
2013.04.05 08:36:48.678,7.4436,7.44533,1.13,1.50
2013.04.05 08:36:48.738,7.44368,7.44543,1.65,1.50
2013.04.05 08:36:48.918,7.4437,7.44552,1.65,2.40
2013.04.05 08:36:49.131,7.44375,7.44552,1.65,1.65
2013.04.05 08:36:54.299,7.44465,7.44646,1.65,1.65
2013.04.05 08:36:54.502,7.44443,7.44631,1.50,1.50
2013.04.05 08:36:54.629,7.44443,7.44621,1.50,1.13
2013.04.05 08:36:54.699,7.44443,7.44562,1.50,2.25
2013.04.05 08:36:54.770,7.44438,7.44548,1.50,1.65
2013.04.05 08:36:54.910,7.44368,7.44548,2.40,1.65
2013.04.05 08:36:54.979,7.44368,7.44542,2.40,1.65
2013.04.05 08:37:05.168,7.44373,7.44548,1.13,1.50
2013.04.05 08:37:05.359,7.44429,7.44551,1.13,1.50
2013.04.05 08:37:05.430,7.44434,7.44592,1.88,1.50
2013.04.05 08:37:05.800,7.44435,7.44599,1.65,1.50
2013.04.05 08:37:06.390,7.44427,7.44556,2.63,1.13
2013.04.05 08:37:06.528,7.4439,7.44547,2.25,1.65
2013.04.05 08:37:06.709,7.4437,7.44551,1.65,1.65
2013.04.05 08:37:07.720,7.44427,7.44551,2.25,1.50
2013.04.05 08:37:07.793,7.44434,7.44558,3.08,1.50
2013.04.05 08:37:07.860,7.44434,7.44573,3.08,1.50
2013.04.05 08:37:07.930,7.44434,7.44594,3.08,1.50
2013.04.05 08:37:08.000,7.44434,7.44598,3.83,1.50
2013.04.05 08:37:08.509,7.44437,7.44612,2.78,1.50
2013.04.05 08:37:08.579,7.44444,7.44612,1.65,1.50
2013.04.05 08:37:08.649,7.44445,7.44612,1.13,1.50
2013.04.05 08:37:08.839,7.44452,7.4462,1.65,1.50
2013.04.05 08:37:09.109,7.44454,7.4462,1.13,1.50
2013.04.05 08:37:09.479,7.44488,7.44657,2.78,1.50
2013.04.05 08:37:10.850,7.44488,7.44649,2.78,1.88
2013.04.05 08:37:10.919,7.44488,7.44649,2.63,2.03
2013.04.05 08:37:11.051,7.44475,7.44638,1.65,1.65
2013.04.05 08:37:11.183,7.44468,7.44638,2.40,1.65
2013.04.05 08:37:11.248,7.44468,7.44632,2.40,1.73
2013.04.05 08:37:11.559,7.44469,7.44632,1.65,1.73
2013.04.05 08:37:11.688,7.44469,7.44633,1.65,1.50
2013.04.05 08:37:15.685,7.44478,7.44639,1.13,2.70
2013.04.05 08:37:15.776,7.44496,7.44672,1.65,1.50
2013.04.05 08:37:18.419,7.44496,7.44628,1.50,1.13
2013.04.05 08:37:18.619,7.44484,7.44579,3.00,2.93
2013.04.05 08:37:18.690,7.44484,7.44593,3.00,1.88
2013.04.05 08:37:18.760,7.44484,7.44602,3.00,2.25
2013.04.05 08:37:18.829,7.44447,7.44607,1.65,2.10
2013.04.05 08:37:19.140,7.44444,7.44618,1.65,2.78
2013.04.05 08:37:21.389,7.44444,7.44608,1.50,1.13
2013.04.05 08:37:21.642,7.44408,7.44585,1.65,1.65
2013.04.05 08:37:22.254,7.44408,7.4458,1.65,1.65
2013.04.05 08:37:24.590,7.44408,7.44576,1.50,1.13
2013.04.05 08:37:24.848,7.44359,7.44539,1.65,1.65
2013.04.05 08:37:27.524,7.44377,7.44539,2.10,1.50
2013.04.05 08:37:27.611,7.44382,7.44548,1.65,1.50
2013.04.05 08:37:28.868,7.44382,7.44548,1.50,1.65
2013.04.05 08:37:28.989,7.44359,7.44542,1.65,1.65
2013.04.05 08:37:29.188,7.44358,7.44529,1.65,1.65
2013.04.05 08:37:37.920,7.44368,7.44533,1.65,1.65
2013.04.05 08:37:47.689,7.44368,7.44533,1.65,1.65
2013.04.05 08:38:01.753,7.44365,7.44531,1.13,1.50
2013.04.05 08:38:01.831,7.44438,7.44606,2.93,1.50
2013.04.05 08:38:01.901,7.44442,7.44606,1.65,1.50
2013.04.05 08:38:10.608,7.44448,7.44621,1.65,1.65
2013.04.05 08:38:18.686,7.44448,7.44627,1.65,1.73
2013.04.05 08:38:19.390,7.44448,7.44627,1.65,1.73
2013.04.05 08:38:35.194,7.44448,7.44622,1.65,1.65
2013.04.05 08:38:36.772,7.445,7.44624,1.73,1.65
2013.04.05 08:38:37.079,7.44547,7.44634,1.50,2.85
2013.04.05 08:38:37.149,7.44547,7.44678,1.65,1.73
2013.04.05 08:38:37.220,7.44556,7.44678,2.40,1.73
2013.04.05 08:38:37.359,7.44568,7.44703,2.40,1.50
2013.04.05 08:38:37.430,7.44579,7.44707,1.50,2.25
2013.04.05 08:38:37.559,7.44586,7.44721,1.65,2.93
2013.04.05 08:38:37.678,7.44597,7.44721,1.50,2.93
2013.04.05 08:38:38.098,7.44597,7.44724,1.65,2.25
2013.04.05 08:38:38.218,7.44613,7.44724,3.00,2.25
2013.04.05 08:38:38.560,7.44613,7.44722,3.00,1.50
2013.04.05 08:38:38.928,7.44594,7.44722,1.65,2.25
2013.04.05 08:38:39.229,7.44594,7.44733,1.65,1.50
2013.04.05 08:38:39.890,7.44602,7.44733,3.00,1.50
2013.04.05 08:38:39.963,7.44602,7.44734,3.00,1.50
2013.04.05 08:38:40.089,7.44585,7.44734,1.65,1.50
2013.04.05 08:38:41.204,7.4459,7.44734,1.65,1.50
2013.04.05 08:38:42.890,7.44618,7.44734,2.25,1.50
2013.04.05 08:38:42.965,7.44628,7.44743,2.40,1.50
2013.04.05 08:38:43.089,7.44628,7.44751,2.40,1.13
2013.04.05 08:38:43.159,7.44638,7.44776,1.65,1.50
2013.04.05 08:38:43.479,7.44647,7.44723,1.50,1.50
2013.04.05 08:38:43.680,7.4457,7.44723,1.50,1.50
2013.04.05 08:38:44.375,7.44572,7.44723,1.50,1.50
2013.04.05 08:38:46.160,7.44565,7.44723,1.50,2.25
2013.04.05 08:38:47.203,7.44565,7.44723,1.50,2.25
2013.04.05 08:38:47.669,7.44565,7.44723,1.50,2.25
2013.04.05 08:38:47.738,7.44565,7.44723,1.50,2.25
2013.04.05 08:38:47.919,7.44564,7.44723,1.50,2.25
2013.04.05 08:38:48.542,7.44555,7.44721,1.50,1.50
2013.04.05 08:38:48.851,7.44555,7.44721,1.50,1.50
2013.04.05 08:38:49.046,7.44555,7.44721,1.50,1.50
2013.04.05 08:38:49.903,7.44551,7.44705,2.10,1.50
2013.04.05 08:38:50.250,7.44555,7.44705,2.85,1.50
2013.04.05 08:38:54.949,7.44555,7.44705,3.00,1.50
2013.04.05 08:38:55.019,7.44572,7.44705,2.70,1.50
2013.04.05 08:38:55.344,7.44576,7.44723,1.65,3.00
2013.04.05 08:38:55.652,7.44589,7.44723,1.50,1.50
2013.04.05 08:38:56.092,7.44637,7.44784,2.40,1.50
2013.04.05 08:38:57.240,7.44637,7.44789,2.40,1.65
2013.04.05 08:38:57.480,7.44632,7.44789,2.55,1.65
2013.04.05 08:38:58.729,7.44632,7.44755,2.40,1.13
2013.04.05 08:38:58.800,7.44595,7.44744,1.50,1.65
2013.04.05 08:38:58.869,7.44588,7.44744,3.00,1.50
2013.04.05 08:38:58.938,7.4458,7.44744,1.50,2.25
2013.04.05 08:38:59.009,7.44567,7.44733,1.50,1.50
2013.04.05 08:39:00.219,7.44567,7.4473,1.50,1.50
2013.04.05 08:39:00.788,7.44557,7.44723,2.25,1.50
2013.04.05 08:39:00.980,7.44555,7.44723,1.50,1.50
2013.04.05 08:39:02.190,7.44555,7.44721,1.50,1.50
2013.04.05 08:39:02.928,7.44567,7.44721,1.50,1.50
2013.04.05 08:39:03.280,7.44588,7.44744,2.78,1.50
2013.04.05 08:39:06.815,7.44588,7.44744,2.78,1.50
2013.04.05 08:39:06.894,7.44588,7.44744,2.78,1.50
2013.04.05 08:39:07.233,7.44595,7.44749,1.13,1.50
2013.04.05 08:39:08.229,7.44595,7.44749,1.13,1.50
2013.04.05 08:39:19.189,7.44618,7.44767,2.25,1.50
2013.04.05 08:39:19.258,7.44618,7.44767,2.25,1.50
2013.04.05 08:39:21.127,7.44619,7.44771,1.13,1.50
2013.04.05 08:39:34.178,7.44618,7.4477,2.63,1.50
2013.04.05 08:39:34.238,7.4461,7.44715,3.00,1.50
2013.04.05 08:39:34.300,7.44586,7.44715,2.25,1.50
2013.04.05 08:39:34.467,7.4456,7.44698,2.25,1.80
2013.04.05 08:39:34.588,7.44549,7.44698,2.25,1.80
2013.04.05 08:39:34.708,7.44539,7.44698,3.00,1.80
2013.04.05 08:39:35.379,7.44527,7.44698,2.25,1.80
2013.04.05 08:39:35.741,7.44527,7.44693,2.25,2.33
2013.04.05 08:39:39.632,7.44529,7.44711,1.50,1.50
2013.04.05 08:39:39.821,7.44531,7.44718,1.50,2.48
2013.04.05 08:39:47.172,7.44531,7.4471,1.50,2.25
2013.04.05 08:39:47.492,7.44531,7.44698,1.50,2.55
2013.04.05 08:39:47.678,7.44527,7.44698,2.25,2.55
2013.04.05 08:39:48.739,7.44527,7.44691,2.25,1.13
2013.04.05 08:39:48.870,7.44511,7.4466,1.50,2.70
2013.04.05 08:39:48.939,7.44487,7.4466,3.15,2.70
2013.04.05 08:39:50.859,7.44487,7.44654,3.15,2.85
2013.04.05 08:39:50.964,7.44479,7.44654,1.88,2.85
2013.04.05 08:39:51.852,7.44479,7.44615,1.88,2.70
2013.04.05 08:39:51.919,7.44479,7.44615,1.50,2.85
2013.04.05 08:39:52.059,7.4447,7.44615,1.50,2.85
2013.04.05 08:39:52.129,7.44468,7.44615,2.25,2.85
2013.04.05 08:39:52.439,7.44446,7.44615,1.65,2.85
2013.04.05 08:39:53.669,7.44497,7.44615,1.88,2.85
2013.04.05 08:39:53.910,7.44497,7.44667,2.63,1.50
2013.04.05 08:39:53.980,7.44508,7.44689,1.50,1.50
2013.04.05 08:39:54.110,7.44508,7.44689,1.50,1.50
2013.04.05 08:39:54.239,7.44504,7.44692,2.25,1.50
2013.04.05 08:39:54.550,7.44504,7.44689,2.25,2.85
2013.04.05 08:39:55.069,7.44504,7.44692,2.25,1.50
2013.04.05 08:40:05.979,7.44507,7.44689,2.63,2.10
2013.04.05 08:40:14.153,7.44507,7.44692,2.63,2.25
2013.04.05 08:40:26.938,7.44507,7.4469,2.63,1.80
2013.04.05 08:40:29.669,7.44527,7.44692,2.63,1.50
2013.04.05 08:40:29.728,7.44528,7.44693,1.13,2.25
2013.04.05 08:40:29.908,7.44529,7.447,1.13,1.50
2013.04.05 08:40:30.090,7.44536,7.447,1.13,1.50
2013.04.05 08:40:30.401,7.44537,7.447,2.25,1.50
2013.04.05 08:40:31.209,7.4454,7.44701,1.13,1.50
2013.04.05 08:40:32.599,7.44545,7.44701,1.13,1.50
2013.04.05 08:40:32.670,7.44547,7.44702,1.88,1.50
2013.04.05 08:40:33.221,7.44559,7.44717,1.13,1.50
2013.04.05 08:40:41.811,7.44559,7.44723,1.13,1.50
2013.04.05 08:40:42.392,7.44559,7.44717,1.13,1.50
2013.04.05 08:40:43.031,7.44559,7.44723,1.13,1.50
2013.04.05 08:40:44.201,7.44559,7.44717,1.13,1.50
2013.04.05 08:40:50.438,7.44579,7.44718,1.13,1.50
2013.04.05 08:40:50.923,7.44585,7.4474,1.13,1.50
2013.04.05 08:40:51.978,7.44585,7.4474,1.13,1.50
2013.04.05 08:40:56.911,7.44585,7.4474,1.13,1.50
2013.04.05 08:41:04.408,7.44578,7.44742,2.63,1.65
2013.04.05 08:41:04.528,7.44575,7.44712,3.00,1.65
2013.04.05 08:41:04.589,7.44568,7.44712,2.25,1.65
2013.04.05 08:41:04.720,7.44561,7.44694,3.00,2.70
2013.04.05 08:41:04.789,7.44547,7.44694,1.50,2.70
2013.04.05 08:41:04.859,7.44527,7.44694,1.50,2.70
2013.04.05 08:41:05.529,7.44527,7.44688,1.50,2.40
2013.04.05 08:41:05.670,7.44512,7.44688,3.00,2.40
2013.04.05 08:41:11.399,7.44536,7.44688,1.13,2.40
2013.04.05 08:41:11.469,7.44578,7.44707,1.13,1.50
2013.04.05 08:41:11.539,7.44588,7.44732,1.88,2.63
2013.04.05 08:41:11.729,7.44598,7.44756,2.63,1.13
2013.04.05 08:41:11.799,7.44594,7.44688,3.00,1.73
2013.04.05 08:41:11.929,7.4453,7.44688,1.65,1.73
2013.04.05 08:41:11.999,7.4453,7.44688,1.65,1.73
2013.04.05 08:41:16.009,7.44553,7.44713,1.73,1.65
2013.04.05 08:41:17.993,7.4456,7.44721,1.58,1.50
2013.04.05 08:41:20.017,7.44561,7.44721,1.73,1.50
2013.04.05 08:41:40.129,7.4456,7.44726,2.55,1.50
2013.04.05 08:41:50.090,7.44561,7.44726,1.65,1.50
2013.04.05 08:41:56.658,7.44573,7.44727,2.25,2.70
2013.04.05 08:41:57.039,7.44578,7.44734,1.50,2.93
2013.04.05 08:42:00.598,7.44579,7.44739,2.93,2.48
2013.04.05 08:42:01.199,7.44568,7.44739,1.50,2.33
2013.04.05 08:42:01.258,7.44568,7.44736,1.50,1.50
2013.04.05 08:42:01.379,7.44568,7.44736,1.65,1.50
2013.04.05 08:42:01.698,7.44595,7.44746,1.65,1.65
2013.04.05 08:42:12.499,7.4463,7.44752,2.48,2.55
2013.04.05 08:42:12.629,7.4463,7.4478,2.48,2.25
2013.04.05 08:42:12.706,7.4463,7.44783,2.48,1.50
2013.04.05 08:42:20.179,7.44632,7.44792,1.50,1.88
2013.04.05 08:42:40.051,7.44634,7.44792,1.50,1.88
2013.04.05 08:42:50.082,7.44634,7.44792,1.50,1.88
2013.04.05 08:43:10.043,7.44631,7.44792,1.50,2.48
2013.04.05 08:43:20.001,7.44631,7.44792,2.55,2.48
2013.04.05 08:43:24.411,7.44631,7.44782,1.80,1.50
2013.04.05 08:43:24.485,7.44631,7.44782,1.80,1.50
2013.04.05 08:43:24.622,7.44631,7.44782,1.80,1.50
2013.04.05 08:43:25.390,7.44617,7.44779,1.73,1.65
2013.04.05 08:43:25.652,7.44617,7.44774,1.73,1.65
2013.04.05 08:43:28.679,7.44621,7.44774,1.58,1.65
2013.04.05 08:43:29.671,7.44618,7.44779,2.18,1.65
2013.04.05 08:43:30.189,7.44617,7.44774,1.65,1.65
2013.04.05 08:43:34.630,7.44617,7.44774,1.50,1.50
2013.04.05 08:43:34.939,7.44631,7.44774,1.80,1.50
2013.04.05 08:43:35.261,7.44631,7.44786,1.80,1.50
2013.04.05 08:43:35.541,7.44631,7.44791,1.95,1.50
2013.04.05 08:43:43.962,7.44648,7.44791,2.40,1.50
2013.04.05 08:43:44.151,7.44648,7.44809,2.40,1.50
2013.04.05 08:43:44.220,7.44644,7.44809,2.78,1.50
2013.04.05 08:43:44.778,7.44644,7.44809,2.78,1.50
2013.04.05 08:43:45.820,7.44651,7.44817,1.50,1.50
2013.04.05 08:43:45.889,7.44651,7.44817,1.50,1.50
2013.04.05 08:43:50.070,7.44651,7.44817,1.50,1.50
2013.04.05 08:43:59.963,7.44651,7.44817,1.50,1.50
2013.04.05 08:44:08.957,7.44659,7.44824,1.50,1.58
2013.04.05 08:44:11.169,7.44645,7.44818,1.65,1.50
2013.04.05 08:44:11.240,7.44645,7.44825,1.65,1.65
2013.04.05 08:44:20.121,7.44644,7.44822,1.65,1.65
2013.04.05 08:44:21.510,7.44644,7.44819,1.65,1.50
2013.04.05 08:44:28.111,7.44644,7.44826,1.65,1.65
2013.04.05 08:44:30.332,7.44644,7.44819,1.65,1.50
2013.04.05 08:44:32.579,7.44644,7.44825,1.65,1.65
2013.04.05 08:44:40.010,7.44645,7.44825,1.65,1.65
2013.04.05 08:44:46.932,7.44641,7.44825,1.65,3.08
2013.04.05 08:44:50.182,7.44642,7.44824,1.65,3.23
2013.04.05 08:44:51.612,7.44646,7.44828,1.65,1.65
2013.04.05 08:45:03.892,7.44646,7.44823,1.65,1.65
2013.04.05 08:45:04.687,7.44646,7.44822,1.65,1.65
2013.04.05 08:45:05.211,7.44642,7.44823,1.65,1.65
2013.04.05 08:45:05.338,7.44642,7.44823,1.65,1.65
2013.04.05 08:45:05.398,7.44638,7.4482,1.65,2.48
2013.04.05 08:45:11.181,7.44645,7.44823,1.65,2.40
2013.04.05 08:45:16.640,7.44645,7.44819,1.65,1.50
2013.04.05 08:45:18.129,7.44645,7.44822,1.65,1.65
2013.04.05 08:45:28.753,7.44645,7.44829,1.65,3.08
2013.04.05 08:45:39.240,7.44648,7.44829,2.40,3.08
2013.04.05 08:45:51.179,7.4465,7.44834,1.65,2.03
2013.04.05 08:45:51.370,7.44655,7.44837,1.65,2.40
2013.04.05 08:45:52.336,7.44655,7.44837,1.65,2.40
2013.04.05 08:45:52.639,7.44648,7.44828,3.15,2.10
2013.04.05 08:45:52.709,7.44651,7.44833,1.65,2.18
2013.04.05 08:45:53.085,7.44651,7.44833,1.65,2.18
2013.04.05 08:45:53.269,7.44654,7.44838,1.65,3.68
2013.04.05 08:45:54.132,7.44654,7.44838,1.65,3.68
2013.04.05 08:45:54.462,7.44648,7.44828,3.15,2.40
2013.04.05 08:45:56.110,7.44648,7.44824,3.15,2.48
2013.04.05 08:45:56.853,7.44648,7.44829,3.15,2.55
2013.04.05 08:46:00.700,7.44649,7.44829,3.15,2.55
2013.04.05 08:46:04.990,7.44649,7.44825,3.15,1.80
2013.04.05 08:46:05.119,7.44642,7.44825,3.15,1.80
2013.04.05 08:46:06.019,7.44646,7.44828,1.65,1.73
2013.04.05 08:46:13.119,7.44646,7.44828,1.65,1.73
2013.04.05 08:46:13.239,7.44642,7.44825,3.15,3.00
2013.04.05 08:46:13.641,7.44642,7.44813,3.15,1.50
2013.04.05 08:46:13.950,7.44642,7.4481,3.15,1.50
2013.04.05 08:46:14.683,7.44642,7.44813,3.15,1.50
2013.04.05 08:46:18.076,7.44642,7.4481,3.15,1.50
2013.04.05 08:46:19.920,7.44642,7.4481,1.65,1.50
2013.04.05 08:46:21.171,7.44638,7.44813,1.65,1.50
2013.04.05 08:46:21.369,7.44646,7.44818,1.65,1.65
2013.04.05 08:46:21.440,7.44646,7.44823,1.65,2.40
2013.04.05 08:46:21.570,7.44646,7.44823,1.65,2.25
2013.04.05 08:46:21.699,7.4465,7.44824,1.65,1.50
2013.04.05 08:46:22.669,7.4465,7.44831,1.65,1.65
2013.04.05 08:46:23.020,7.44646,7.44828,1.65,3.00
2013.04.05 08:46:23.460,7.4465,7.44831,1.65,1.65
2013.04.05 08:46:26.429,7.4465,7.44831,1.50,1.50
2013.04.05 08:46:26.490,7.44665,7.44844,1.50,1.50
2013.04.05 08:46:26.560,7.44672,7.44844,1.50,1.50
2013.04.05 08:46:26.760,7.44672,7.44854,1.50,2.25
2013.04.05 08:46:41.984,7.44675,7.44854,2.25,2.25
2013.04.05 08:46:49.231,7.44676,7.44854,1.50,2.25
2013.04.05 08:46:50.211,7.44668,7.44851,3.00,2.25
2013.04.05 08:46:50.570,7.44668,7.44847,3.00,2.03
2013.04.05 08:46:51.789,7.44668,7.44837,3.00,2.18
2013.04.05 08:46:52.090,7.44659,7.44837,1.65,2.33
2013.04.05 08:46:52.940,7.44663,7.44847,1.50,2.25
2013.04.05 08:46:53.560,7.44666,7.44847,2.25,2.25
2013.04.05 08:46:55.240,7.44668,7.4485,1.50,1.73
2013.04.05 08:46:57.048,7.44668,7.4484,1.50,1.13
2013.04.05 08:46:57.127,7.44647,7.4475,1.50,1.88
2013.04.05 08:46:57.201,7.44598,7.4475,1.50,1.88
2013.04.05 08:46:57.270,7.44592,7.44746,1.50,2.55
2013.04.05 08:46:58.389,7.44592,7.44746,1.88,2.40
2013.04.05 08:46:58.510,7.4462,7.44771,1.13,3.00
2013.04.05 08:46:58.580,7.4462,7.44796,1.13,3.00
2013.04.05 08:46:58.649,7.44642,7.44808,1.65,1.50
2013.04.05 08:46:59.412,7.44638,7.4482,1.65,1.95
2013.04.05 08:47:00.261,7.44641,7.44823,1.65,1.65
2013.04.05 08:47:03.735,7.44641,7.44815,1.65,1.65
2013.04.05 08:47:03.861,7.44641,7.44823,1.65,1.65
2013.04.05 08:47:03.931,7.44661,7.44825,1.50,1.50
2013.04.05 08:47:04.121,7.44663,7.44833,1.50,2.85
2013.04.05 08:47:04.483,7.44657,7.44833,1.50,2.85
2013.04.05 08:47:05.161,7.44657,7.44833,1.50,2.03
2013.04.05 08:47:06.062,7.44651,7.44823,1.50,1.50
2013.04.05 08:47:07.182,7.44651,7.44823,1.50,1.50
2013.04.05 08:47:14.170,7.44647,7.44818,3.15,1.50
2013.04.05 08:47:14.240,7.44647,7.44818,3.15,1.50
2013.04.05 08:47:14.671,7.44647,7.44818,3.15,1.50
2013.04.05 08:47:14.743,7.44647,7.44818,3.15,1.50
2013.04.05 08:47:14.955,7.44647,7.44818,3.15,1.50
2013.04.05 08:47:15.260,7.44647,7.44818,3.15,1.50
2013.04.05 08:47:15.862,7.44647,7.44818,3.15,1.50
2013.04.05 08:47:22.189,7.44647,7.44818,3.00,1.50
2013.04.05 08:47:23.232,7.44651,7.44823,1.50,1.50
2013.04.05 08:47:25.273,7.44651,7.44823,1.50,1.50
2013.04.05 08:47:27.126,7.44651,7.44823,1.50,1.50
2013.04.05 08:47:46.204,7.44651,7.44823,1.50,1.50
2013.04.05 08:47:49.151,7.44651,7.44823,1.50,1.50
2013.04.05 08:47:49.411,7.44651,7.44823,1.65,1.65
2013.04.05 08:47:51.195,7.44646,7.44818,1.65,1.50
2013.04.05 08:47:52.402,7.44646,7.44818,1.65,1.50
2013.04.05 08:47:54.955,7.44646,7.44818,1.65,1.50
2013.04.05 08:47:55.045,7.44646,7.44818,1.65,1.50
2013.04.05 08:47:55.311,7.44646,7.44818,1.65,1.50
2013.04.05 08:47:56.033,7.44646,7.44818,1.65,1.50
2013.04.05 08:47:57.572,7.44646,7.44818,1.65,1.50
2013.04.05 08:47:57.983,7.44651,7.44823,1.50,1.50
2013.04.05 08:47:58.911,7.44639,7.44743,1.13,1.13
2013.04.05 08:47:58.981,7.44586,7.44725,2.78,2.33
2013.04.05 08:47:59.111,7.44572,7.44725,1.50,2.33
2013.04.05 08:48:01.197,7.44572,7.44715,1.50,1.65
2013.04.05 08:48:01.909,7.44572,7.44715,1.88,1.50
2013.04.05 08:48:01.970,7.44618,7.44725,1.88,2.18
2013.04.05 08:48:02.104,7.4464,7.44782,1.65,1.50
2013.04.05 08:48:02.171,7.44641,7.44786,1.65,1.50
2013.04.05 08:48:03.279,7.44637,7.44811,1.65,1.50
2013.04.05 08:48:05.199,7.44637,7.44811,1.65,1.50
2013.04.05 08:48:06.905,7.44624,7.44773,2.25,2.10
2013.04.05 08:48:07.562,7.44624,7.44795,2.40,1.50
2013.04.05 08:48:07.634,7.44624,7.44795,2.40,1.50
2013.04.05 08:48:08.485,7.44624,7.44802,2.25,1.50
2013.04.05 08:48:08.550,7.44624,7.44789,2.25,1.50
2013.04.05 08:48:08.870,7.44624,7.44791,2.25,1.50
2013.04.05 08:48:09.001,7.44626,7.44802,1.50,1.50
2013.04.05 08:48:11.232,7.44626,7.448,1.50,1.50
2013.04.05 08:48:11.361,7.44625,7.448,1.50,1.50
2013.04.05 08:48:11.851,7.44621,7.44789,1.50,1.50
2013.04.05 08:48:12.242,7.44618,7.44782,1.50,1.50
2013.04.05 08:48:13.221,7.44618,7.44791,2.25,1.50
2013.04.05 08:48:14.172,7.44618,7.44791,2.25,1.50
2013.04.05 08:48:14.381,7.44618,7.44791,2.25,1.50
2013.04.05 08:48:23.661,7.44618,7.44791,2.40,1.50
2013.04.05 08:48:25.293,7.44618,7.44786,2.40,1.50
2013.04.05 08:48:28.959,7.44618,7.44786,2.40,1.50
2013.04.05 08:48:29.517,7.44618,7.44786,2.40,1.50
2013.04.05 08:48:29.622,7.44618,7.44786,2.40,1.50
2013.04.05 08:48:29.761,7.44618,7.44786,2.40,1.50
2013.04.05 08:48:31.690,7.44618,7.44786,2.25,1.50
2013.04.05 08:48:33.255,7.44618,7.4479,3.00,1.50
2013.04.05 08:48:33.321,7.44618,7.4479,3.00,1.50
2013.04.05 08:48:33.451,7.44618,7.4479,3.00,1.50
2013.04.05 08:48:51.872,7.44618,7.44786,2.40,1.50
2013.04.05 08:48:52.432,7.44618,7.44791,2.40,1.50
2013.04.05 08:48:53.045,7.44618,7.44782,2.40,1.50
2013.04.05 08:48:53.244,7.44618,7.44787,2.25,2.93
2013.04.05 08:48:53.312,7.44618,7.44787,2.25,2.93
2013.04.05 08:48:53.503,7.44618,7.44783,2.25,1.50
2013.04.05 08:48:53.631,7.44618,7.44783,1.50,2.25
2013.04.05 08:48:56.164,7.44618,7.44773,1.50,1.50
2013.04.05 08:48:56.934,7.44618,7.44783,1.50,3.00
2013.04.05 08:48:58.583,7.44618,7.44773,1.50,1.50
2013.04.05 08:48:58.853,7.44618,7.44782,1.50,1.50
2013.04.05 08:48:59.411,7.44618,7.44773,1.50,1.50
2013.04.05 08:48:59.902,7.44618,7.4472,1.50,1.58
2013.04.05 08:49:00.342,7.44618,7.44716,1.50,2.25
2013.04.05 08:49:00.891,7.44618,7.44706,1.50,1.13
2013.04.05 08:49:01.031,7.44523,7.44675,3.00,2.18
2013.04.05 08:49:01.163,7.44567,7.44665,2.25,2.25
2013.04.05 08:49:01.353,7.44574,7.44685,1.13,1.50
2013.04.05 08:49:01.421,7.44567,7.44678,2.78,2.18
2013.04.05 08:49:02.521,7.44558,7.44681,1.88,1.95
2013.04.05 08:49:02.910,7.44558,7.44681,1.50,2.33
2013.04.05 08:49:03.040,7.44558,7.44622,1.50,2.48
2013.04.05 08:49:03.174,7.44477,7.44622,1.65,2.48
2013.04.05 08:49:03.961,7.44558,7.44622,2.25,2.48
2013.04.05 08:49:04.211,7.44558,7.44686,2.25,1.50
2013.04.05 08:49:05.833,7.44558,7.44694,2.25,1.50
2013.04.05 08:49:05.961,7.44558,7.44643,2.25,2.45
2013.04.05 08:49:06.270,7.44547,7.44604,1.50,1.50
2013.04.05 08:49:06.407,7.44397,7.44595,1.50,1.50
2013.04.05 08:49:06.482,7.4439,7.44595,1.65,1.65
2013.04.05 08:49:06.558,7.44377,7.44535,1.65,1.50
2013.04.05 08:49:07.145,7.44367,7.44534,2.25,2.25
2013.04.05 08:49:07.282,7.44369,7.44535,1.13,1.50
2013.04.05 08:49:07.412,7.44458,7.44545,1.88,1.50
2013.04.05 08:49:07.744,7.44458,7.44599,1.88,2.25
2013.04.05 08:49:07.816,7.44383,7.44545,1.50,2.40
2013.04.05 08:49:07.882,7.44378,7.44545,2.25,2.40
2013.04.05 08:49:08.011,7.44378,7.44541,1.50,1.50
2013.04.05 08:49:08.702,7.44378,7.44528,1.50,2.78
2013.04.05 08:49:08.830,7.44353,7.44528,1.50,2.78
2013.04.05 08:49:08.900,7.44348,7.44518,2.25,1.50
2013.04.05 08:49:08.972,7.44407,7.44518,1.88,1.50
2013.04.05 08:49:09.101,7.44407,7.44538,3.38,2.25
2013.04.05 08:49:09.351,7.44407,7.4454,3.38,1.50
2013.04.05 08:49:09.872,7.44407,7.44563,3.38,1.50
2013.04.05 08:49:29.353,7.44407,7.44563,3.38,2.25
2013.04.05 08:49:29.899,7.44407,7.44559,3.38,1.50
2013.04.05 08:49:30.607,7.44408,7.44559,1.88,1.50
2013.04.05 08:49:36.870,7.44408,7.44555,1.88,1.73
2013.04.05 08:49:37.179,7.44407,7.44545,1.65,1.50
2013.04.05 08:49:37.959,7.44407,7.44553,1.50,1.50
2013.04.05 08:49:38.144,7.44407,7.44547,3.75,3.00
2013.04.05 08:49:44.710,7.44407,7.44529,3.53,1.50
2013.04.05 08:49:46.032,7.44407,7.44535,1.65,1.50
2013.04.05 08:49:47.934,7.44407,7.44529,1.50,2.25
2013.04.05 08:49:48.060,7.44378,7.44524,2.03,1.50
2013.04.05 08:50:03.693,7.44367,7.44524,2.25,1.50
2013.04.05 08:50:03.767,7.44367,7.44524,2.25,1.50
2013.04.05 08:50:04.210,7.44367,7.44515,2.25,1.50
2013.04.05 08:50:04.481,7.44367,7.44519,3.00,1.50
2013.04.05 08:50:10.093,7.4437,7.4452,1.13,1.50
2013.04.05 08:50:12.421,7.44367,7.44515,1.88,1.13
2013.04.05 08:50:12.489,7.44328,7.44472,1.65,2.55
2013.04.05 08:50:12.672,7.44307,7.44462,1.50,1.13
2013.04.05 08:50:12.990,7.44279,7.44424,1.13,2.03
2013.04.05 08:50:13.455,7.44347,7.44424,2.25,2.03
2013.04.05 08:50:13.651,7.44337,7.44489,2.25,1.50
2013.04.05 08:50:13.721,7.44337,7.44489,2.25,1.50
2013.04.05 08:50:14.360,7.44337,7.44483,2.25,1.35
2013.04.05 08:50:14.602,7.44288,7.44425,1.50,1.95
2013.04.05 08:50:14.670,7.44287,7.44395,1.50,2.03
2013.04.05 08:50:14.981,7.44255,7.44385,1.65,1.50
2013.04.05 08:50:15.360,7.44268,7.4439,1.13,2.78
2013.04.05 08:50:15.670,7.44287,7.44422,2.25,1.50
2013.04.05 08:50:16.004,7.44298,7.44428,2.25,1.50
2013.04.05 08:50:16.131,7.44298,7.44439,2.25,1.50
2013.04.05 08:50:16.734,7.44298,7.44448,2.25,1.50
2013.04.05 08:50:20.399,7.44298,7.44448,2.63,1.50
2013.04.05 08:50:20.461,7.44307,7.44448,1.88,1.50
2013.04.05 08:50:20.592,7.44307,7.44452,1.88,1.50
2013.04.05 08:50:20.899,7.44308,7.44458,1.88,1.50
2013.04.05 08:50:22.742,7.44307,7.44458,1.88,1.50
2013.04.05 08:50:22.930,7.44307,7.44459,1.88,1.50
2013.04.05 08:50:25.591,7.44307,7.44469,1.88,2.40
2013.04.05 08:50:28.681,7.44308,7.44469,1.88,2.40
2013.04.05 08:50:35.421,7.44308,7.44469,2.03,3.38
2013.04.05 08:50:35.803,7.44297,7.44453,2.25,1.50
2013.04.05 08:50:37.352,7.44297,7.44453,2.03,1.50
2013.04.05 08:50:37.541,7.44279,7.44439,1.13,1.80
2013.04.05 08:50:44.210,7.44278,7.44439,2.25,1.80
2013.04.05 08:50:44.281,7.44294,7.44439,1.50,1.80
2013.04.05 08:50:44.351,7.44307,7.44458,1.88,1.50
2013.04.05 08:50:44.423,7.44307,7.44458,2.03,1.50
2013.04.05 08:50:44.756,7.44297,7.44458,2.25,1.50
2013.04.05 08:50:51.461,7.44287,7.44458,1.65,1.69
2013.04.05 08:50:51.600,7.4428,7.44439,1.13,2.48
2013.04.05 08:50:58.720,7.44294,7.44439,1.13,2.48
2013.04.05 08:50:58.849,7.44288,7.44433,2.78,1.50
2013.04.05 08:50:58.910,7.4428,7.44436,1.13,1.50
2013.04.05 08:50:58.980,7.4428,7.44436,1.13,1.50
2013.04.05 08:50:59.344,7.44278,7.44389,1.50,1.50
2013.04.05 08:51:00.220,7.44278,7.44411,1.65,1.50
2013.04.05 08:51:00.280,7.44278,7.44413,1.65,1.50
2013.04.05 08:51:11.230,7.44287,7.44429,1.13,1.50
2013.04.05 08:51:11.300,7.44287,7.44433,1.13,1.50
2013.04.05 08:51:11.361,7.44288,7.44443,2.25,2.03
2013.04.05 08:51:11.649,7.44288,7.44433,2.25,1.50
2013.04.05 08:51:12.939,7.44295,7.44436,1.13,1.50
2013.04.05 08:51:14.409,7.44317,7.44446,1.13,1.95
2013.04.05 08:51:14.590,7.44318,7.44456,3.00,1.50
2013.04.05 08:51:20.171,7.44318,7.44465,2.25,2.85
2013.04.05 08:51:20.409,7.44318,7.4444,2.63,2.78
2013.04.05 08:51:21.430,7.44317,7.4444,2.25,2.78
2013.04.05 08:51:21.549,7.44317,7.44456,2.25,1.50
2013.04.05 08:51:21.610,7.44317,7.44466,2.25,2.48
2013.04.05 08:51:23.099,7.44317,7.44466,2.03,2.48
2013.04.05 08:51:23.160,7.44317,7.44449,2.03,2.70
2013.04.05 08:51:29.966,7.44308,7.4445,1.65,2.03
2013.04.05 08:51:40.034,7.44301,7.44452,1.65,2.33
2013.04.05 08:51:56.891,7.44299,7.44452,1.13,2.93
2013.04.05 08:52:00.661,7.44257,7.44387,1.50,2.25
2013.04.05 08:52:03.181,7.44258,7.44387,1.50,2.25
2013.04.05 08:52:04.941,7.44245,7.44387,1.65,2.25
2013.04.05 08:52:10.064,7.44236,7.44371,1.65,2.33
2013.04.05 08:52:10.538,7.44236,7.44371,1.65,2.33
2013.04.05 08:52:12.653,7.44246,7.44371,1.65,2.33
2013.04.05 08:52:20.072,7.44246,7.44368,1.65,1.80
2013.04.05 08:52:21.601,7.44246,7.44368,1.65,1.80
2013.04.05 08:52:31.881,7.44246,7.44368,1.65,1.80
2013.04.05 08:52:35.349,7.44243,7.44415,1.65,1.65
2013.04.05 08:52:35.411,7.44243,7.44415,1.65,1.50
2013.04.05 08:52:37.271,7.44257,7.44416,1.65,1.50
2013.04.05 08:52:38.370,7.44257,7.44416,1.65,1.50
2013.04.05 08:52:39.410,7.44344,7.44416,2.03,1.50
2013.04.05 08:52:39.651,7.4435,7.44458,1.13,3.00
2013.04.05 08:52:39.721,7.4435,7.44498,1.13,2.85
2013.04.05 08:52:39.851,7.4435,7.44504,1.88,2.55
2013.04.05 08:52:45.669,7.4435,7.44516,1.88,1.50
2013.04.05 08:52:51.971,7.4435,7.44511,1.50,1.13
2013.04.05 08:52:52.040,7.44326,7.44499,3.15,1.80
2013.04.05 08:52:52.101,7.44326,7.44489,2.40,1.65
2013.04.05 08:52:52.410,7.44315,7.44472,1.65,1.50
2013.04.05 08:52:53.130,7.44315,7.44467,1.65,1.50
2013.04.05 08:53:07.371,7.44308,7.44444,1.73,1.50
2013.04.05 08:53:07.982,7.44308,7.44444,1.73,1.50
2013.04.05 08:53:34.941,7.44344,7.44446,1.88,1.50
2013.04.05 08:53:36.400,7.44342,7.44452,1.50,1.73
2013.04.05 08:53:49.936,7.44338,7.44452,1.50,1.73
2013.04.05 08:54:10.162,7.44337,7.44452,3.83,2.40
2013.04.05 08:54:15.421,7.44347,7.44452,1.13,2.40
2013.04.05 08:54:15.550,7.44349,7.44468,1.13,2.03
2013.04.05 08:54:17.208,7.44344,7.44468,1.50,2.03
2013.04.05 08:54:19.261,7.4435,7.4447,1.13,1.80
2013.04.05 08:54:25.701,7.44347,7.4447,3.38,1.80
2013.04.05 08:54:25.890,7.44348,7.44472,1.50,2.78
2013.04.05 08:54:33.102,7.4435,7.44473,1.50,2.70
2013.04.05 08:54:36.360,7.44354,7.44473,1.50,2.70
2013.04.05 08:54:37.360,7.44353,7.44473,1.50,2.70
2013.04.05 08:54:40.099,7.44337,7.44473,2.63,2.70
2013.04.05 08:54:46.371,7.44337,7.44473,2.63,2.70
2013.04.05 08:54:49.349,7.44398,7.44473,1.50,2.70
2013.04.05 08:54:49.671,7.44408,7.44542,2.25,2.93
2013.04.05 08:55:05.981,7.44409,7.44573,1.13,2.10
2013.04.05 08:55:07.376,7.4441,7.44573,1.13,2.10
2013.04.05 08:55:23.911,7.44409,7.44573,1.13,2.10
2013.04.05 08:55:33.810,7.44418,7.44573,2.40,2.10
2013.04.05 08:55:34.120,7.4442,7.44591,1.13,2.18
2013.04.05 08:55:34.180,7.44426,7.44591,3.15,2.18
2013.04.05 08:55:35.469,7.44418,7.44591,2.78,2.18
2013.04.05 08:55:35.590,7.44409,7.44591,3.38,2.18
2013.04.05 08:55:35.650,7.44409,7.44583,3.38,2.10
2013.04.05 08:55:36.211,7.44409,7.44589,1.13,1.50
2013.04.05 08:55:44.004,7.44423,7.44589,1.13,1.50
2013.04.05 08:56:00.390,7.44437,7.44599,3.00,2.33
2013.04.05 08:56:10.680,7.44437,7.44592,2.03,1.50
2013.04.05 08:56:10.811,7.44425,7.44603,1.13,3.53
2013.04.05 08:56:11.661,7.44431,7.44595,1.13,1.50
2013.04.05 08:56:11.731,7.44437,7.44603,2.25,1.50
2013.04.05 08:56:20.219,7.44439,7.44607,1.13,1.50
2013.04.05 08:56:45.951,7.4444,7.44613,1.13,2.18
2013.04.05 08:57:07.851,7.4444,7.4461,1.13,1.50
2013.04.05 08:57:07.928,7.4444,7.44583,1.13,2.48
2013.04.05 08:57:12.389,7.44497,7.44583,2.25,2.48
2013.04.05 08:57:12.569,7.44497,7.44622,2.25,1.50
2013.04.05 08:57:12.930,7.44499,7.44639,1.13,2.18
2013.04.05 08:57:20.638,7.44497,7.44639,2.78,2.18
2013.04.05 08:57:20.820,7.44487,7.44637,2.40,1.58
2013.04.05 08:57:20.879,7.4448,7.44637,1.13,1.58
2013.04.05 08:57:41.212,7.44479,7.44637,1.13,1.58
2013.04.05 08:57:43.231,7.44479,7.44627,1.13,1.50
2013.04.05 08:57:58.512,7.4448,7.44627,1.13,1.50
2013.04.05 08:57:59.316,7.4448,7.44637,1.13,1.58
2013.04.05 08:58:06.661,7.44478,7.44611,2.63,3.00
2013.04.05 08:58:06.791,7.44478,7.44627,2.63,2.78
2013.04.05 08:58:06.931,7.44431,7.44575,1.65,2.18
2013.04.05 08:58:36.661,7.44467,7.44575,2.25,2.18
2013.04.05 08:58:36.811,7.44469,7.44603,1.13,2.40
2013.04.05 08:58:53.461,7.44464,7.44603,2.03,2.55
2013.04.05 08:58:53.532,7.44458,7.44575,1.50,1.58
2013.04.05 08:58:53.601,7.44431,7.44575,1.65,1.58
2013.04.05 08:58:53.660,7.4443,7.44575,1.65,1.58
2013.04.05 08:59:08.443,7.4443,7.44575,1.65,1.58
2013.04.05 08:59:25.131,7.44431,7.44575,1.13,1.58
2013.04.05 08:59:25.321,7.44449,7.44598,1.65,2.93
2013.04.05 08:59:27.401,7.44454,7.44598,1.13,2.93
2013.04.05 08:59:27.591,7.44474,7.44612,1.65,2.03
2013.04.05 08:59:29.056,7.44476,7.44612,1.13,2.03
2013.04.05 08:59:29.362,7.44495,7.4463,1.13,2.10
2013.04.05 08:59:29.900,7.44495,7.44643,1.88,1.88
2013.04.05 08:59:31.926,7.44499,7.44643,1.13,1.88
2013.04.05 08:59:32.111,7.44528,7.44669,2.85,1.50
