2016.07.05 16:00:00.341,9.31434,9.31704,1.00,1.75
2016.07.05 16:00:00.448,9.31424,9.31704,1.07,1.75
2016.07.05 16:00:02.402,9.31414,9.31704,1.00,1.50
2016.07.05 16:00:02.569,9.31404,9.31704,1.07,1.50
2016.07.05 16:00:03.032,9.31413,9.31704,1.00,1.50
2016.07.05 16:00:03.328,9.31404,9.31704,1.07,1.50
2016.07.05 16:00:03.698,9.31394,9.31704,1.00,1.75
2016.07.05 16:00:06.139,9.31404,9.31704,1.00,1.75
2016.07.05 16:00:09.388,9.31394,9.31704,1.00,1.75
2016.07.05 16:00:11.376,9.31404,9.31704,1.00,1.75
2016.07.05 16:00:11.699,9.31414,9.31704,1.00,1.75
2016.07.05 16:00:12.846,9.31414,9.31712,1.00,1.44
2016.07.05 16:00:12.896,9.31404,9.31712,1.00,1.44
2016.07.05 16:00:13.478,9.31403,9.31709,1.00,1.44
2016.07.05 16:00:15.356,9.31404,9.31683,1.00,1.34
2016.07.05 16:00:17.460,9.31414,9.31683,1.00,1.34
2016.07.05 16:00:20.164,9.31404,9.31713,1.00,1.84
2016.07.05 16:00:21.566,9.31414,9.31713,1.00,1.84
2016.07.05 16:00:25.281,9.31394,9.31713,1.00,1.84
2016.07.05 16:00:27.082,9.31404,9.31713,1.00,1.84
2016.07.05 16:00:27.285,9.31394,9.31712,1.00,1.44
2016.07.05 16:00:27.624,9.31404,9.31712,1.00,1.44
2016.07.05 16:00:37.690,9.31394,9.3167,1.00,1.37
2016.07.05 16:00:38.305,9.31384,9.3167,1.00,1.37
2016.07.05 16:00:39.609,9.31374,9.3167,1.10,1.37
2016.07.05 16:00:49.019,9.3135,9.31697,1.67,1.75
2016.07.05 16:00:49.121,9.3135,9.31697,1.67,1.75
2016.07.05 16:00:50.047,9.3135,9.31697,1.67,1.75
2016.07.05 16:00:51.266,9.3135,9.31697,1.67,1.75
2016.07.05 16:00:51.571,9.3135,9.31697,1.67,1.75
2016.07.05 16:00:52.826,9.3135,9.31682,1.67,1.37
2016.07.05 16:00:53.059,9.3135,9.31682,1.67,1.37
2016.07.05 16:00:53.879,9.3135,9.31682,1.67,1.37
2016.07.05 16:00:54.309,9.3135,9.31682,1.67,1.37
2016.07.05 16:00:54.767,9.3135,9.31682,1.67,1.37
2016.07.05 16:00:54.868,9.3135,9.31682,1.67,1.37
2016.07.05 16:00:57.388,9.3135,9.31672,1.67,1.37
2016.07.05 16:00:58.276,9.3135,9.31672,1.67,1.37
2016.07.05 16:01:00.363,9.3135,9.31682,1.67,1.37
2016.07.05 16:01:00.614,9.3135,9.31682,1.67,1.37
2016.07.05 16:01:03.157,9.3135,9.31682,1.67,1.37
2016.07.05 16:01:03.331,9.3135,9.31682,1.67,1.37
2016.07.05 16:01:04.159,9.3135,9.31682,1.67,1.37
2016.07.05 16:01:04.451,9.3135,9.31682,1.67,1.37
2016.07.05 16:01:04.501,9.3135,9.31682,1.67,1.37
2016.07.05 16:01:04.603,9.3135,9.31682,1.67,1.37
2016.07.05 16:01:07.918,9.31349,9.31682,1.67,1.37
2016.07.05 16:01:08.084,9.31349,9.31682,1.67,1.37
2016.07.05 16:01:08.186,9.31349,9.31682,1.67,1.37
2016.07.05 16:01:08.306,9.31349,9.31682,1.67,1.37
2016.07.05 16:01:08.993,9.31349,9.31682,1.67,1.37
2016.07.05 16:01:09.767,9.31349,9.31682,1.67,1.37
2016.07.05 16:01:11.569,9.31349,9.31682,1.97,1.37
2016.07.05 16:01:16.340,9.31349,9.31686,1.60,1.00
2016.07.05 16:01:17.344,9.3135,9.31686,1.60,1.00
2016.07.05 16:01:17.863,9.3135,9.31686,1.60,1.00
2016.07.05 16:01:18.776,9.3135,9.31686,1.60,1.00
2016.07.05 16:01:30.779,9.3135,9.31686,1.60,1.00
2016.07.05 16:01:31.056,9.3135,9.31686,1.60,1.00
2016.07.05 16:01:31.157,9.3135,9.31686,1.60,1.00
2016.07.05 16:01:31.356,9.3135,9.31686,1.60,1.00
2016.07.05 16:01:31.652,9.3135,9.31686,1.60,1.00
2016.07.05 16:01:32.127,9.3135,9.31686,1.60,1.00
2016.07.05 16:01:32.356,9.3135,9.31688,1.60,1.00
2016.07.05 16:01:32.557,9.3135,9.31688,1.60,1.00
2016.07.05 16:01:32.972,9.3135,9.31686,1.60,1.00
2016.07.05 16:01:33.308,9.3135,9.31688,1.60,1.00
2016.07.05 16:01:33.516,9.3135,9.31688,1.60,1.00
2016.07.05 16:01:33.618,9.3135,9.31688,1.60,1.00
2016.07.05 16:01:33.729,9.3135,9.31688,1.60,1.00
2016.07.05 16:01:34.180,9.3135,9.31688,1.60,1.00
2016.07.05 16:01:34.612,9.3135,9.31688,1.60,1.00
2016.07.05 16:01:34.864,9.3135,9.31688,1.60,1.00
2016.07.05 16:01:34.965,9.3135,9.31688,1.60,1.00
2016.07.05 16:01:35.132,9.3135,9.31688,1.60,1.00
2016.07.05 16:01:36.065,9.3135,9.31688,1.60,1.00
2016.07.05 16:01:37.516,9.3135,9.31688,1.60,1.00
2016.07.05 16:01:37.819,9.3135,9.31688,1.60,1.00
2016.07.05 16:01:38.343,9.3135,9.31688,1.60,1.00
2016.07.05 16:01:38.406,9.3135,9.31688,1.60,1.00
2016.07.05 16:01:38.507,9.3135,9.31688,1.60,1.00
2016.07.05 16:01:38.760,9.3135,9.31688,1.60,1.00
2016.07.05 16:01:39.191,9.3135,9.31705,1.60,1.00
2016.07.05 16:01:39.293,9.3135,9.31686,1.60,1.00
2016.07.05 16:01:39.982,9.3135,9.31666,1.60,1.00
2016.07.05 16:01:40.037,9.3135,9.31676,1.60,1.00
2016.07.05 16:01:40.180,9.3135,9.31676,1.60,1.00
2016.07.05 16:01:40.654,9.3135,9.31667,1.60,1.00
2016.07.05 16:01:40.705,9.3135,9.31667,1.60,1.00
2016.07.05 16:01:40.807,9.3135,9.31676,1.60,1.00
2016.07.05 16:01:41.093,9.3135,9.31667,1.60,1.00
2016.07.05 16:01:41.342,9.3135,9.31676,1.60,1.50
2016.07.05 16:01:41.621,9.3135,9.31666,1.60,1.00
2016.07.05 16:01:41.839,9.3135,9.31676,1.60,1.50
2016.07.05 16:01:41.940,9.3135,9.31666,1.60,1.00
2016.07.05 16:01:42.241,9.3135,9.31676,1.60,1.00
2016.07.05 16:01:42.488,9.3135,9.31686,1.60,1.50
2016.07.05 16:01:43.210,9.3135,9.31706,1.60,1.59
2016.07.05 16:01:43.686,9.3135,9.31716,1.60,1.69
2016.07.05 16:01:44.622,9.3135,9.31717,1.60,1.69
2016.07.05 16:01:44.726,9.3135,9.31717,1.60,1.69
2016.07.05 16:01:44.827,9.3135,9.31717,1.60,2.19
2016.07.05 16:01:44.928,9.3135,9.31717,1.60,2.19
2016.07.05 16:01:45.030,9.3135,9.31717,1.60,2.19
2016.07.05 16:01:45.232,9.3135,9.31717,1.60,1.69
2016.07.05 16:01:46.354,9.3135,9.31689,1.60,1.00
2016.07.05 16:01:47.071,9.3135,9.31689,1.60,1.00
2016.07.05 16:01:47.246,9.3135,9.31689,1.60,1.00
2016.07.05 16:01:48.564,9.3135,9.31689,1.60,1.00
2016.07.05 16:01:48.769,9.3135,9.31689,1.60,1.00
2016.07.05 16:01:48.846,9.3135,9.31689,1.60,1.00
2016.07.05 16:01:49.208,9.3135,9.31689,1.60,1.00
2016.07.05 16:01:49.313,9.3135,9.31689,1.60,1.00
2016.07.05 16:01:49.364,9.3135,9.31689,1.60,1.00
2016.07.05 16:01:52.353,9.3135,9.31683,1.60,1.00
2016.07.05 16:01:53.003,9.3135,9.31683,1.60,1.00
2016.07.05 16:01:53.243,9.3135,9.31683,1.60,1.00
2016.07.05 16:01:53.295,9.3135,9.31683,1.60,1.00
2016.07.05 16:01:53.658,9.31354,9.31683,1.60,1.00
2016.07.05 16:01:54.443,9.31364,9.31683,1.60,1.00
2016.07.05 16:01:54.869,9.31364,9.31683,1.00,1.00
2016.07.05 16:01:55.080,9.31364,9.31683,1.60,1.00
2016.07.05 16:01:57.465,9.3135,9.31683,1.60,1.00
2016.07.05 16:01:57.905,9.3135,9.31683,1.60,1.00
2016.07.05 16:02:00.245,9.31354,9.31683,1.60,1.00
2016.07.05 16:02:00.397,9.31354,9.31683,1.60,1.00
2016.07.05 16:02:00.473,9.31349,9.31683,1.60,1.00
2016.07.05 16:02:00.650,9.31349,9.31683,1.60,1.00
2016.07.05 16:02:02.085,9.31349,9.31683,1.60,1.00
2016.07.05 16:02:02.266,9.31349,9.31683,1.60,1.00
2016.07.05 16:02:03.051,9.31349,9.31683,1.60,1.00
2016.07.05 16:02:03.256,9.31349,9.31683,1.60,1.00
2016.07.05 16:02:03.852,9.31349,9.31683,1.60,1.00
2016.07.05 16:02:03.966,9.31349,9.31683,1.60,1.00
2016.07.05 16:02:05.194,9.31349,9.31683,1.60,1.00
2016.07.05 16:02:05.295,9.31349,9.31683,1.60,1.00
2016.07.05 16:02:05.397,9.31349,9.31683,1.60,1.00
2016.07.05 16:02:05.498,9.31349,9.31683,1.60,1.00
2016.07.05 16:02:05.757,9.31349,9.31683,1.60,1.00
2016.07.05 16:02:05.908,9.31349,9.31683,1.60,1.00
2016.07.05 16:02:06.228,9.31349,9.31683,1.60,1.00
2016.07.05 16:02:10.034,9.3135,9.31683,1.60,1.00
2016.07.05 16:02:10.288,9.3135,9.31683,1.60,1.00
2016.07.05 16:02:10.886,9.3135,9.31683,1.60,1.00
2016.07.05 16:02:11.607,9.3135,9.31683,1.60,1.00
2016.07.05 16:02:12.078,9.3135,9.31666,1.60,1.00
2016.07.05 16:02:12.484,9.3135,9.31676,1.60,1.00
2016.07.05 16:02:12.689,9.3135,9.31676,1.60,1.00
2016.07.05 16:02:12.979,9.3135,9.31682,1.60,1.00
2016.07.05 16:02:13.030,9.3135,9.31682,1.60,1.00
2016.07.05 16:02:13.081,9.3135,9.31682,1.60,1.00
2016.07.05 16:02:13.488,9.3135,9.31682,1.60,1.00
2016.07.05 16:02:14.680,9.3135,9.31682,1.60,1.00
2016.07.05 16:02:15.095,9.3135,9.31682,1.60,1.00
2016.07.05 16:02:15.436,9.3135,9.31676,1.60,1.00
2016.07.05 16:02:15.926,9.3135,9.31682,1.60,1.00
2016.07.05 16:02:17.138,9.3135,9.31682,1.60,1.00
2016.07.05 16:02:17.239,9.3135,9.31682,1.60,1.00
2016.07.05 16:02:17.542,9.3135,9.31682,1.60,1.00
2016.07.05 16:02:19.095,9.3135,9.31677,1.60,1.00
2016.07.05 16:02:20.098,9.3135,9.31682,1.60,1.00
2016.07.05 16:02:20.266,9.3135,9.31676,1.60,1.00
2016.07.05 16:02:20.588,9.3135,9.31682,1.60,1.00
2016.07.05 16:02:20.639,9.3135,9.31682,1.60,1.00
2016.07.05 16:02:21.200,9.3135,9.31676,1.60,1.00
2016.07.05 16:02:21.369,9.3135,9.31682,1.60,1.00
2016.07.05 16:02:22.098,9.3135,9.31682,1.60,1.00
2016.07.05 16:02:24.031,9.3135,9.31682,1.60,1.00
2016.07.05 16:02:24.214,9.3135,9.31682,1.60,1.00
2016.07.05 16:02:24.316,9.3135,9.31682,1.60,1.00
2016.07.05 16:02:24.445,9.3135,9.31682,1.60,1.00
2016.07.05 16:02:24.766,9.3135,9.31682,1.60,1.00
2016.07.05 16:02:24.825,9.3135,9.31682,1.60,1.00
2016.07.05 16:02:25.625,9.3135,9.31682,1.60,1.00
2016.07.05 16:02:25.676,9.3135,9.31682,1.60,1.00
2016.07.05 16:02:25.828,9.3135,9.31682,1.60,1.00
2016.07.05 16:02:26.312,9.3135,9.31682,1.60,1.00
2016.07.05 16:02:26.420,9.3135,9.31682,1.60,1.00
2016.07.05 16:02:26.521,9.3135,9.31682,1.60,1.00
2016.07.05 16:02:27.365,9.3135,9.31682,1.60,1.00
2016.07.05 16:02:27.599,9.3135,9.31682,1.60,1.00
2016.07.05 16:02:27.650,9.3135,9.31682,1.60,1.00
2016.07.05 16:02:27.701,9.3135,9.31682,1.60,1.00
2016.07.05 16:02:27.765,9.3135,9.31682,1.60,1.00
2016.07.05 16:02:32.378,9.3135,9.31684,1.60,1.00
2016.07.05 16:02:33.297,9.3135,9.31684,1.60,1.00
2016.07.05 16:02:33.691,9.3135,9.31684,1.60,1.00
2016.07.05 16:02:34.177,9.3135,9.31684,1.60,1.00
2016.07.05 16:02:34.280,9.3135,9.31684,1.60,1.00
2016.07.05 16:02:34.936,9.3135,9.31684,1.60,1.00
2016.07.05 16:02:34.987,9.3135,9.31684,1.60,1.00
2016.07.05 16:02:35.645,9.3135,9.31677,1.60,1.00
2016.07.05 16:02:35.947,9.3135,9.31684,1.60,1.00
2016.07.05 16:02:36.155,9.3135,9.31684,1.60,1.00
2016.07.05 16:02:36.498,9.3135,9.31684,1.60,1.00
2016.07.05 16:02:36.549,9.3135,9.31684,1.60,1.00
2016.07.05 16:02:36.674,9.3135,9.31684,1.60,1.00
2016.07.05 16:02:37.000,9.3135,9.31684,1.60,1.00
2016.07.05 16:02:37.252,9.3135,9.31684,1.60,1.00
2016.07.05 16:02:37.854,9.3135,9.31684,1.60,1.00
2016.07.05 16:02:38.006,9.3135,9.31684,1.60,1.00
2016.07.05 16:02:38.699,9.3135,9.31684,1.60,1.00
2016.07.05 16:02:40.110,9.3135,9.31684,1.60,1.00
2016.07.05 16:02:40.185,9.3135,9.31684,1.60,1.00
2016.07.05 16:02:40.236,9.3135,9.31684,1.60,1.00
2016.07.05 16:02:40.405,9.3135,9.31684,1.60,1.00
2016.07.05 16:02:41.435,9.3135,9.31684,1.60,1.00
2016.07.05 16:02:42.065,9.3135,9.31684,1.60,1.00
2016.07.05 16:02:42.167,9.3135,9.31684,1.60,1.00
2016.07.05 16:02:42.970,9.3135,9.31684,1.60,1.00
2016.07.05 16:02:43.122,9.3135,9.31684,1.60,1.00
2016.07.05 16:02:43.444,9.3135,9.31684,1.60,1.00
2016.07.05 16:02:43.816,9.3135,9.31684,1.60,1.00
2016.07.05 16:02:47.280,9.3135,9.31684,1.60,1.00
2016.07.05 16:02:47.888,9.3135,9.31684,1.60,1.00
2016.07.05 16:02:48.860,9.3135,9.31684,1.60,1.00
2016.07.05 16:02:49.506,9.3135,9.31684,1.60,1.00
2016.07.05 16:02:52.237,9.3135,9.31684,1.60,1.00
2016.07.05 16:02:52.594,9.3135,9.31684,1.60,1.00
2016.07.05 16:02:53.701,9.3135,9.31684,1.60,1.00
2016.07.05 16:02:54.119,9.3135,9.31684,1.60,1.00
2016.07.05 16:02:55.235,9.3135,9.31684,1.60,1.00
2016.07.05 16:02:55.621,9.3135,9.31684,1.60,1.00
2016.07.05 16:02:59.548,9.3135,9.31684,1.60,1.00
2016.07.05 16:03:00.077,9.3135,9.31684,1.60,1.00
2016.07.05 16:03:01.025,9.3135,9.31684,1.60,1.00
2016.07.05 16:03:01.631,9.3135,9.31684,1.60,1.00
2016.07.05 16:03:02.381,9.3135,9.31684,1.60,1.00
2016.07.05 16:03:03.690,9.3135,9.31684,1.60,1.00
2016.07.05 16:03:03.917,9.3135,9.31696,1.60,1.50
2016.07.05 16:03:07.860,9.31341,9.31686,1.60,1.00
2016.07.05 16:03:08.164,9.31275,9.31616,1.00,1.00
2016.07.05 16:03:08.215,9.31271,9.31616,1.00,1.00
2016.07.05 16:03:09.302,9.31243,9.31612,1.00,1.00
2016.07.05 16:03:09.354,9.31243,9.31606,1.00,1.00
2016.07.05 16:03:11.387,9.31243,9.31586,1.00,1.00
2016.07.05 16:03:12.441,9.31214,9.31582,1.00,1.00
2016.07.05 16:03:13.604,9.31214,9.3158,1.00,1.00
2016.07.05 16:03:16.861,9.31187,9.31555,1.00,1.00
2016.07.05 16:03:31.683,9.31163,9.3153,1.00,1.00
2016.07.05 16:03:54.171,9.31156,9.31553,1.00,1.00
2016.07.05 16:03:59.217,9.31125,9.31522,1.00,1.00
2016.07.05 16:04:00.465,9.31134,9.31522,1.00,1.00
2016.07.05 16:04:01.085,9.31125,9.31522,1.00,1.00
2016.07.05 16:04:01.186,9.31134,9.31522,1.00,1.00
2016.07.05 16:04:02.088,9.31125,9.31522,1.00,1.00
2016.07.05 16:04:02.191,9.31134,9.31522,1.00,1.00
2016.07.05 16:04:02.394,9.31125,9.31522,1.00,1.00
2016.07.05 16:04:03.593,9.31136,9.31522,1.00,1.00
2016.07.05 16:04:04.801,9.31125,9.31522,1.00,1.00
2016.07.05 16:04:06.297,9.31136,9.31522,1.00,1.00
2016.07.05 16:04:07.183,9.31136,9.31523,1.00,1.50
2016.07.05 16:04:09.073,9.31126,9.31523,1.00,1.50
2016.07.05 16:04:10.347,9.31136,9.31523,1.00,1.50
2016.07.05 16:04:14.375,9.31126,9.31523,1.00,1.00
2016.07.05 16:04:15.573,9.31134,9.31523,1.00,1.00
2016.07.05 16:04:15.916,9.31134,9.31511,1.00,1.00
2016.07.05 16:04:16.073,9.31126,9.31511,1.00,1.00
2016.07.05 16:04:18.088,9.31135,9.31511,1.00,1.00
2016.07.05 16:04:23.285,9.31134,9.31511,1.00,1.00
2016.07.05 16:04:26.088,9.31126,9.31511,1.00,1.00
2016.07.05 16:04:27.757,9.31113,9.3149,1.37,1.00
2016.07.05 16:04:30.109,9.31104,9.3149,1.37,1.00
2016.07.05 16:04:32.302,9.31104,9.31489,1.37,1.00
2016.07.05 16:04:35.414,9.31104,9.31489,1.37,1.00
2016.07.05 16:04:36.009,9.31104,9.31489,1.00,1.00
2016.07.05 16:04:42.539,9.31116,9.31489,1.00,1.00
2016.07.05 16:04:44.048,9.31115,9.31489,1.00,1.00
2016.07.05 16:04:51.533,9.31114,9.31489,1.00,1.00
2016.07.05 16:04:52.356,9.31114,9.31488,1.00,1.00
2016.07.05 16:04:58.333,9.3113,9.31488,1.00,1.00
2016.07.05 16:05:01.849,9.31113,9.31488,1.00,1.00
2016.07.05 16:05:04.378,9.31113,9.31508,1.00,1.00
2016.07.05 16:05:04.581,9.31129,9.31509,1.00,1.00
2016.07.05 16:05:05.841,9.31128,9.31509,1.00,1.00
2016.07.05 16:05:08.073,9.31128,9.31517,1.00,1.00
2016.07.05 16:05:08.381,9.31111,9.31514,1.00,1.00
2016.07.05 16:05:09.583,9.31128,9.31517,1.00,1.00
2016.07.05 16:05:10.395,9.31111,9.31514,1.00,1.00
2016.07.05 16:05:11.825,9.31111,9.31484,1.00,1.00
2016.07.05 16:05:22.535,9.31114,9.31484,1.00,1.00
2016.07.05 16:05:23.238,9.3111,9.31484,1.00,1.00
2016.07.05 16:05:24.327,9.31113,9.31484,1.00,1.00
2016.07.05 16:05:26.687,9.3111,9.31484,1.00,1.00
2016.07.05 16:05:27.957,9.31114,9.31484,1.00,1.00
2016.07.05 16:05:32.391,9.31114,9.31479,1.00,1.00
2016.07.05 16:05:33.111,9.31108,9.31479,1.00,1.00
2016.07.05 16:05:33.549,9.31114,9.31479,1.00,1.00
2016.07.05 16:05:34.196,9.31108,9.31479,1.00,1.00
2016.07.05 16:05:35.803,9.31109,9.31479,1.00,1.00
2016.07.05 16:05:38.115,9.31125,9.31479,1.00,1.00
2016.07.05 16:05:39.615,9.31109,9.31479,1.00,1.00
2016.07.05 16:05:40.826,9.31124,9.31479,1.00,1.00
2016.07.05 16:05:43.605,9.31108,9.31479,1.00,1.00
2016.07.05 16:05:45.735,9.31107,9.31479,1.00,1.00
2016.07.05 16:05:46.080,9.31124,9.31479,1.00,1.00
2016.07.05 16:05:46.182,9.31114,9.31479,1.00,1.00
2016.07.05 16:05:46.385,9.31124,9.31479,1.00,1.00
2016.07.05 16:05:46.878,9.31107,9.31479,1.00,1.00
2016.07.05 16:05:47.885,9.31114,9.31479,1.00,1.00
2016.07.05 16:05:48.468,9.31107,9.31479,1.00,1.00
2016.07.05 16:05:49.389,9.31106,9.31479,1.00,1.00
2016.07.05 16:05:50.774,9.31124,9.31479,1.00,1.00
2016.07.05 16:05:52.475,9.31124,9.31494,1.00,1.00
2016.07.05 16:05:54.302,9.31107,9.31494,1.00,1.00
2016.07.05 16:05:55.649,9.31123,9.31494,1.00,1.00
2016.07.05 16:05:57.623,9.31113,9.31494,1.00,1.00
2016.07.05 16:05:57.854,9.31106,9.31494,1.00,1.00
2016.07.05 16:05:58.857,9.31123,9.31494,1.00,1.00
2016.07.05 16:05:59.012,9.31083,9.31494,1.60,1.00
2016.07.05 16:05:59.328,9.31083,9.31494,1.00,1.00
2016.07.05 16:05:59.379,9.31114,9.31494,1.00,1.00
2016.07.05 16:05:59.594,9.31104,9.31494,1.00,1.00
2016.07.05 16:06:01.285,9.31083,9.31494,2.10,1.00
2016.07.05 16:06:02.281,9.31083,9.31494,1.60,1.00
2016.07.05 16:06:02.555,9.31083,9.31494,1.00,1.00
2016.07.05 16:06:02.607,9.31103,9.31494,1.00,1.00
2016.07.05 16:06:03.172,9.31104,9.31494,1.00,1.00
2016.07.05 16:06:04.364,9.31066,9.31494,1.60,1.00
2016.07.05 16:06:04.783,9.31074,9.31494,1.60,1.00
2016.07.05 16:06:05.271,9.31066,9.31494,1.00,1.00
2016.07.05 16:06:05.474,9.31094,9.31494,1.00,1.00
2016.07.05 16:06:06.080,9.31104,9.31494,1.00,1.00
2016.07.05 16:06:06.373,9.31066,9.31494,1.60,1.00
2016.07.05 16:06:06.787,9.31066,9.31494,1.60,1.00
2016.07.05 16:06:07.319,9.31084,9.31494,1.00,1.00
2016.07.05 16:06:08.684,9.31061,9.31494,1.00,1.00
2016.07.05 16:06:08.751,9.31061,9.31494,1.60,1.00
2016.07.05 16:06:10.521,9.31061,9.31494,1.60,1.00
2016.07.05 16:06:12.299,9.31074,9.31494,1.00,1.00
2016.07.05 16:06:12.400,9.31074,9.31491,1.00,1.00
2016.07.05 16:06:13.053,9.31074,9.31491,1.60,1.00
2016.07.05 16:06:14.057,9.31066,9.31491,1.00,1.00
2016.07.05 16:06:14.107,9.31074,9.31491,1.00,1.00
2016.07.05 16:06:14.408,9.31105,9.31491,1.00,1.00
2016.07.05 16:06:15.285,9.31105,9.31491,1.60,1.00
2016.07.05 16:06:15.763,9.31125,9.31491,2.10,1.00
2016.07.05 16:06:16.066,9.3113,9.31491,2.10,1.00
2016.07.05 16:06:16.780,9.31105,9.31491,1.60,1.00
2016.07.05 16:06:17.268,9.31126,9.31491,2.10,1.00
2016.07.05 16:06:18.293,9.31105,9.31491,1.60,1.00
2016.07.05 16:06:18.827,9.31125,9.31491,2.10,1.00
2016.07.05 16:06:19.433,9.3113,9.31491,2.10,1.00
2016.07.05 16:06:19.828,9.31104,9.31491,1.60,1.00
2016.07.05 16:06:20.268,9.31104,9.31491,1.60,1.00
2016.07.05 16:06:20.526,9.31124,9.31491,2.10,1.00
2016.07.05 16:06:21.045,9.31128,9.31491,2.10,1.00
2016.07.05 16:06:21.523,9.31121,9.31491,1.60,1.00
2016.07.05 16:06:22.521,9.31104,9.31491,1.60,1.00
2016.07.05 16:06:22.828,9.31123,9.31491,2.10,1.00
2016.07.05 16:06:23.283,9.31129,9.31491,2.10,1.00
2016.07.05 16:06:23.848,9.31104,9.31491,1.60,1.00
2016.07.05 16:06:24.329,9.3113,9.31491,2.10,1.00
2016.07.05 16:06:24.380,9.31125,9.31491,2.10,1.00
2016.07.05 16:06:24.586,9.3113,9.31491,2.10,1.00
2016.07.05 16:06:25.328,9.31104,9.31491,1.60,1.00
2016.07.05 16:06:25.815,9.31092,9.31491,2.10,1.00
2016.07.05 16:06:26.330,9.31126,9.31491,2.10,1.00
2016.07.05 16:06:26.792,9.31132,9.31491,2.10,1.00
2016.07.05 16:06:27.356,9.31097,9.31491,2.10,1.00
2016.07.05 16:06:27.794,9.3109,9.31491,2.10,1.00
2016.07.05 16:06:28.450,9.31126,9.31491,2.10,1.00
2016.07.05 16:06:28.771,9.31132,9.31491,2.10,1.00
2016.07.05 16:06:29.298,9.31095,9.31491,2.47,1.00
2016.07.05 16:06:29.852,9.3109,9.31491,2.47,1.00
2016.07.05 16:06:30.573,9.31123,9.31491,2.10,1.00
2016.07.05 16:06:31.114,9.31132,9.31491,2.10,1.00
2016.07.05 16:06:31.575,9.31097,9.31491,2.47,1.00
2016.07.05 16:06:32.243,9.31092,9.31491,2.47,1.00
2016.07.05 16:06:32.345,9.31092,9.31498,2.47,1.00
2016.07.05 16:06:34.579,9.31123,9.31498,2.10,1.00
2016.07.05 16:06:34.883,9.31128,9.31498,2.10,1.00
2016.07.05 16:06:35.550,9.31099,9.31498,2.47,1.00
2016.07.05 16:06:36.081,9.31127,9.31498,2.10,1.00
2016.07.05 16:06:37.030,9.31097,9.31498,2.10,1.00
2016.07.05 16:06:37.927,9.31125,9.31498,2.10,1.00
2016.07.05 16:06:38.276,9.31132,9.31498,2.10,1.00
2016.07.05 16:06:41.534,9.31119,9.31498,1.60,1.00
2016.07.05 16:06:42.172,9.31119,9.31498,1.60,1.00
2016.07.05 16:06:42.273,9.31127,9.31498,2.10,1.00
2016.07.05 16:06:43.291,9.31119,9.31498,1.60,1.00
2016.07.05 16:06:43.782,9.31128,9.31498,2.10,1.00
2016.07.05 16:06:44.770,9.31097,9.31498,2.47,1.00
2016.07.05 16:06:45.296,9.31092,9.31498,2.47,1.00
2016.07.05 16:06:45.815,9.31128,9.31498,2.10,1.00
2016.07.05 16:06:46.270,9.31133,9.31498,2.10,1.00
2016.07.05 16:06:46.470,9.31069,9.31498,1.97,1.00
2016.07.05 16:06:47.371,9.31069,9.31498,1.97,1.00
2016.07.05 16:06:49.175,9.31067,9.31498,1.97,1.00
2016.07.05 16:06:49.770,9.31067,9.31498,1.97,1.00
2016.07.05 16:06:49.871,9.31067,9.31498,1.97,1.00
2016.07.05 16:06:50.270,9.31067,9.31498,1.97,1.00
2016.07.05 16:06:51.038,9.31101,9.31498,1.60,1.00
2016.07.05 16:06:51.270,9.31117,9.31498,1.00,1.00
2016.07.05 16:06:52.394,9.31117,9.31503,1.00,1.00
2016.07.05 16:06:55.210,9.31117,9.31503,1.60,1.00
2016.07.05 16:06:55.569,9.31117,9.31503,1.00,1.00
2016.07.05 16:06:56.281,9.31101,9.31502,1.00,1.00
2016.07.05 16:06:59.027,9.31101,9.31502,1.60,1.00
2016.07.05 16:06:59.405,9.31117,9.31503,1.60,1.00
2016.07.05 16:06:59.987,9.31117,9.31503,1.00,1.00
2016.07.05 16:07:00.787,9.31117,9.31503,1.60,1.00
2016.07.05 16:07:02.548,9.31117,9.31503,1.00,1.00
2016.07.05 16:07:03.309,9.31099,9.31503,1.00,1.00
2016.07.05 16:07:03.520,9.31099,9.31503,1.60,1.00
2016.07.05 16:07:04.008,9.31099,9.31503,1.60,1.00
2016.07.05 16:07:05.604,9.31117,9.31503,1.60,1.00
2016.07.05 16:07:06.519,9.31117,9.31503,1.00,1.00
2016.07.05 16:07:07.161,9.311,9.31503,1.00,1.00
2016.07.05 16:07:07.779,9.311,9.31503,1.60,1.00
2016.07.05 16:07:08.751,9.31117,9.31503,1.60,1.00
2016.07.05 16:07:09.259,9.31117,9.31503,1.00,1.00
2016.07.05 16:07:09.779,9.31117,9.31503,1.60,1.00
2016.07.05 16:07:10.542,9.31117,9.31503,1.00,1.00
2016.07.05 16:07:11.026,9.311,9.31503,1.00,1.00
2016.07.05 16:07:11.521,9.311,9.31503,1.60,1.00
2016.07.05 16:07:12.395,9.311,9.31502,1.60,1.00
2016.07.05 16:07:12.920,9.311,9.31502,1.60,1.37
2016.07.05 16:07:14.030,9.31117,9.31502,1.60,1.00
2016.07.05 16:07:14.563,9.31117,9.31502,1.00,1.00
2016.07.05 16:07:15.270,9.31117,9.31502,1.60,1.00
2016.07.05 16:07:16.036,9.31116,9.31502,1.00,1.00
2016.07.05 16:07:16.997,9.31099,9.315,1.00,1.00
2016.07.05 16:07:23.061,9.31116,9.31502,1.00,1.00
2016.07.05 16:07:23.550,9.31116,9.31502,1.60,1.00
2016.07.05 16:07:24.568,9.31116,9.31502,1.00,1.00
2016.07.05 16:07:25.558,9.31097,9.315,1.00,1.00
2016.07.05 16:07:31.124,9.31097,9.3131,1.00,1.00
2016.07.05 16:07:31.518,9.31098,9.31294,1.00,1.00
2016.07.05 16:07:31.620,9.31098,9.31316,1.00,1.00
2016.07.05 16:07:31.671,9.31098,9.31325,1.00,1.00
2016.07.05 16:07:31.723,9.31098,9.31434,1.00,1.00
2016.07.05 16:07:32.327,9.31098,9.31445,1.00,1.00
2016.07.05 16:07:32.772,9.31094,9.31445,1.60,1.00
2016.07.05 16:07:33.079,9.31094,9.31445,1.60,1.00
2016.07.05 16:07:33.130,9.31094,9.31461,1.60,1.00
2016.07.05 16:07:33.282,9.31094,9.31461,1.60,1.00
2016.07.05 16:07:33.384,9.31074,9.31461,1.60,1.00
2016.07.05 16:07:33.436,9.31074,9.31475,1.60,1.00
2016.07.05 16:07:33.487,9.31074,9.31475,1.60,1.00
2016.07.05 16:07:33.815,9.3106,9.31475,1.60,1.00
2016.07.05 16:07:33.866,9.31084,9.31475,1.00,1.00
2016.07.05 16:07:34.373,9.31094,9.31475,1.00,1.00
2016.07.05 16:07:34.874,9.31084,9.31475,1.00,1.00
2016.07.05 16:07:35.986,9.31074,9.31475,1.00,1.00
2016.07.05 16:07:36.377,9.31064,9.31475,1.60,1.00
2016.07.05 16:07:37.404,9.31074,9.31475,1.00,1.00
2016.07.05 16:07:38.405,9.31083,9.31475,1.00,1.00
2016.07.05 16:07:40.208,9.31094,9.31475,1.00,1.00
2016.07.05 16:07:40.746,9.31084,9.31475,1.00,1.00
2016.07.05 16:07:40.925,9.31094,9.31475,1.00,1.00
2016.07.05 16:07:41.613,9.31084,9.31475,1.00,1.00
2016.07.05 16:07:42.613,9.31074,9.31475,1.00,1.00
2016.07.05 16:07:44.051,9.31074,9.31475,1.07,1.07
2016.07.05 16:07:46.143,9.31071,9.31475,1.67,1.07
2016.07.05 16:07:47.019,9.31071,9.31475,1.67,1.07
2016.07.05 16:07:47.304,9.3107,9.31475,1.67,1.07
2016.07.05 16:07:48.726,9.31064,9.31454,1.97,1.00
2016.07.05 16:07:50.454,9.31053,9.31454,1.97,1.00
2016.07.05 16:07:50.757,9.31053,9.31454,1.97,1.00
2016.07.05 16:07:51.080,9.31069,9.31472,1.67,1.07
2016.07.05 16:07:51.269,9.31069,9.31472,1.42,1.07
2016.07.05 16:07:52.380,9.31053,9.31454,1.97,1.00
2016.07.05 16:07:53.985,9.31053,9.31454,1.97,1.00
2016.07.05 16:07:54.340,9.31053,9.31454,1.97,1.00
2016.07.05 16:07:54.565,9.31053,9.31481,1.97,1.37
2016.07.05 16:07:54.819,9.31053,9.31481,1.97,1.37
2016.07.05 16:08:01.557,9.31054,9.31481,1.97,1.37
2016.07.05 16:08:02.150,9.31069,9.31481,1.67,1.37
2016.07.05 16:08:02.555,9.31093,9.31481,1.00,1.37
2016.07.05 16:08:03.057,9.31084,9.31481,1.07,1.37
2016.07.05 16:08:04.800,9.31074,9.31481,1.67,1.37
2016.07.05 16:08:05.768,9.31052,9.31481,1.97,1.37
2016.07.05 16:08:06.269,9.31053,9.31481,1.97,1.37
2016.07.05 16:08:07.278,9.31051,9.31481,1.97,1.37
2016.07.05 16:08:08.139,9.31065,9.31481,1.67,1.10
2016.07.05 16:08:09.623,9.31069,9.3147,1.97,1.00
2016.07.05 16:08:11.028,9.31069,9.3147,1.12,1.07
2016.07.05 16:08:11.130,9.31051,9.31452,1.97,1.00
2016.07.05 16:08:18.933,9.31054,9.31451,1.97,1.00
2016.07.05 16:08:28.057,9.31094,9.31451,1.00,1.00
2016.07.05 16:08:28.108,9.31084,9.31451,1.07,1.00
2016.07.05 16:08:30.104,9.31084,9.3145,1.07,1.00
2016.07.05 16:08:31.612,9.31094,9.3145,1.00,1.00
2016.07.05 16:08:32.034,9.31084,9.3145,1.07,1.00
2016.07.05 16:08:32.612,9.31054,9.31449,1.97,1.00
2016.07.05 16:08:36.660,9.31114,9.31449,1.00,1.00
2016.07.05 16:08:38.945,9.31104,9.31449,1.00,1.00
2016.07.05 16:08:41.175,9.31114,9.31449,1.00,1.00
2016.07.05 16:08:43.074,9.31104,9.31449,1.00,1.50
2016.07.05 16:08:44.331,9.31093,9.31449,1.00,1.50
2016.07.05 16:08:45.054,9.31084,9.31449,1.07,1.50
2016.07.05 16:08:54.129,9.31074,9.31448,1.07,1.00
2016.07.05 16:09:01.629,9.31093,9.31448,1.00,1.00
2016.07.05 16:09:02.632,9.31084,9.31448,1.07,1.00
2016.07.05 16:09:02.833,9.31094,9.31448,1.00,1.00
2016.07.05 16:09:03.634,9.31084,9.31448,1.07,1.00
2016.07.05 16:09:04.908,9.31094,9.31448,1.00,1.00
2016.07.05 16:09:06.040,9.31104,9.31448,1.00,1.00
2016.07.05 16:09:06.341,9.31084,9.31449,1.07,1.00
2016.07.05 16:09:12.354,9.31074,9.31452,1.07,1.00
2016.07.05 16:09:20.031,9.31094,9.31452,1.00,1.00
2016.07.05 16:09:20.332,9.31104,9.31452,1.00,1.00
2016.07.05 16:09:21.205,9.31104,9.31452,1.00,1.37
2016.07.05 16:09:21.534,9.31094,9.31447,1.00,1.00
2016.07.05 16:09:22.658,9.31094,9.31446,1.00,1.00
2016.07.05 16:09:23.838,9.31104,9.31446,1.00,1.00
2016.07.05 16:09:24.154,9.31114,9.31446,1.00,1.00
2016.07.05 16:09:24.355,9.31104,9.31446,1.00,1.00
2016.07.05 16:09:24.671,9.31114,9.31446,1.00,1.00
2016.07.05 16:09:26.578,9.31083,9.31446,1.67,1.00
2016.07.05 16:09:27.090,9.31094,9.31446,1.60,1.00
2016.07.05 16:09:28.252,9.31113,9.31446,1.00,1.00
2016.07.05 16:09:28.304,9.31113,9.31452,1.00,1.00
2016.07.05 16:09:28.571,9.31134,9.31452,1.00,1.00
2016.07.05 16:09:28.868,9.31114,9.31452,1.00,1.00
2016.07.05 16:09:29.595,9.31104,9.31452,1.60,1.00
2016.07.05 16:09:29.895,9.31124,9.31452,1.00,1.00
2016.07.05 16:09:31.074,9.31124,9.31446,1.00,1.00
2016.07.05 16:09:31.368,9.31104,9.31446,1.00,1.00
2016.07.05 16:09:32.228,9.31104,9.31446,1.75,1.00
2016.07.05 16:09:32.279,9.31106,9.31463,1.35,1.00
2016.07.05 16:09:47.586,9.31114,9.31462,1.75,1.00
2016.07.05 16:09:58.959,9.31106,9.31462,1.35,1.00
2016.07.05 16:10:04.312,9.31106,9.31461,1.35,1.00
2016.07.05 16:10:15.416,9.31104,9.31443,1.35,1.00
2016.07.05 16:10:16.646,9.31106,9.31461,1.35,1.00
2016.07.05 16:10:17.630,9.31084,9.31461,1.50,1.00
2016.07.05 16:10:17.850,9.31094,9.31443,1.37,1.00
2016.07.05 16:10:19.052,9.31084,9.31461,1.35,1.00
2016.07.05 16:10:21.345,9.31094,9.31443,1.37,1.00
2016.07.05 16:10:25.569,9.31084,9.31442,1.50,1.00
2016.07.05 16:10:29.029,9.31108,9.3146,1.27,1.00
2016.07.05 16:10:33.239,9.31108,9.3146,1.35,1.00
2016.07.05 16:10:35.511,9.31084,9.3146,1.37,1.00
2016.07.05 16:10:35.638,9.31084,9.31471,1.37,1.00
2016.07.05 16:10:44.133,9.31094,9.31443,1.37,1.00
2016.07.05 16:10:50.155,9.31073,9.31463,1.35,1.00
2016.07.05 16:10:50.206,9.31073,9.31474,1.35,1.00
2016.07.05 16:10:50.896,9.31074,9.31441,1.72,1.00
2016.07.05 16:10:57.081,9.31073,9.3146,1.35,1.50
2016.07.05 16:10:59.592,9.31073,9.31441,1.35,1.00
2016.07.05 16:11:03.096,9.31074,9.3144,1.37,1.00
2016.07.05 16:11:08.610,9.31073,9.31458,1.35,1.00
2016.07.05 16:11:11.619,9.31074,9.3144,1.37,1.00
2016.07.05 16:11:22.932,9.31104,9.31439,1.07,1.00
2016.07.05 16:11:23.156,9.31094,9.31459,1.37,1.00
2016.07.05 16:11:26.558,9.31073,9.31384,1.35,2.10
2016.07.05 16:11:26.710,9.31065,9.31375,1.35,1.60
2016.07.05 16:11:26.812,9.31054,9.31349,1.35,2.10
2016.07.05 16:11:26.863,9.31056,9.31351,1.35,2.10
2016.07.05 16:11:26.914,9.31051,9.31346,1.35,2.10
2016.07.05 16:11:26.964,9.31044,9.31346,1.97,2.10
2016.07.05 16:11:27.066,9.31044,9.31343,1.97,2.10
2016.07.05 16:11:27.116,9.31044,9.31345,1.97,2.10
2016.07.05 16:11:27.651,9.31044,9.3134,1.97,2.10
2016.07.05 16:11:27.723,9.31044,9.3134,1.97,2.10
2016.07.05 16:11:27.774,9.31044,9.31356,1.97,1.00
2016.07.05 16:11:27.882,9.31034,9.31358,1.97,1.37
2016.07.05 16:11:27.933,9.31034,9.31358,1.97,1.37
2016.07.05 16:11:28.062,9.31044,9.31349,1.42,2.47
2016.07.05 16:11:28.398,9.31044,9.31339,1.72,2.47
2016.07.05 16:11:28.499,9.31044,9.31339,1.42,2.47
2016.07.05 16:11:28.550,9.31044,9.31335,1.07,2.47
2016.07.05 16:11:42.363,9.31044,9.31332,1.07,2.47
2016.07.05 16:11:47.022,9.31044,9.31351,1.67,1.00
2016.07.05 16:11:47.241,9.31044,9.31351,1.20,1.00
2016.07.05 16:11:47.292,9.31044,9.31426,1.20,1.00
2016.07.05 16:11:47.343,9.31064,9.31426,1.15,1.00
2016.07.05 16:11:47.394,9.31064,9.31488,1.52,1.07
2016.07.05 16:11:47.445,9.31064,9.31488,1.37,1.07
2016.07.05 16:11:47.495,9.31064,9.3147,1.37,1.00
2016.07.05 16:11:48.565,9.31114,9.3147,1.00,1.00
2016.07.05 16:11:49.328,9.31123,9.3147,1.00,1.00
2016.07.05 16:11:51.544,9.31114,9.3147,1.00,1.00
2016.07.05 16:11:52.301,9.31104,9.3147,1.07,1.00
2016.07.05 16:11:52.368,9.31104,9.31474,1.07,1.00
2016.07.05 16:11:54.583,9.31124,9.31474,1.00,1.00
2016.07.05 16:11:55.083,9.31133,9.31474,1.00,1.00
2016.07.05 16:11:55.578,9.31083,9.31474,1.97,1.00
2016.07.05 16:11:59.325,9.31084,9.31438,1.97,1.00
2016.07.05 16:12:01.049,9.31114,9.31438,1.00,1.00
2016.07.05 16:12:01.350,9.31104,9.31438,1.07,1.00
2016.07.05 16:12:01.626,9.31144,9.31438,1.00,1.00
2016.07.05 16:12:02.327,9.31144,9.3142,1.00,1.00
2016.07.05 16:12:02.378,9.31134,9.3142,1.00,1.00
2016.07.05 16:12:02.556,9.31103,9.3142,1.07,1.00
2016.07.05 16:12:04.362,9.31094,9.31438,1.67,1.00
2016.07.05 16:12:09.883,9.31094,9.31474,1.67,1.00
2016.07.05 16:12:22.114,9.31124,9.31474,1.00,1.00
2016.07.05 16:12:23.016,9.31114,9.31474,1.00,1.00
2016.07.05 16:12:23.422,9.31124,9.31474,1.00,1.00
2016.07.05 16:12:24.849,9.31124,9.31437,1.00,1.00
2016.07.05 16:12:25.453,9.31114,9.31437,1.00,1.00
2016.07.05 16:12:25.629,9.31124,9.31437,1.00,1.00
2016.07.05 16:12:25.731,9.31114,9.31437,1.00,1.00
2016.07.05 16:12:26.839,9.31124,9.31437,1.00,1.00
2016.07.05 16:12:28.030,9.31134,9.31437,1.00,1.00
2016.07.05 16:12:28.827,9.31063,9.31373,1.35,2.10
2016.07.05 16:12:28.979,9.31046,9.3136,1.35,1.60
2016.07.05 16:12:29.029,9.31046,9.31341,1.67,2.10
2016.07.05 16:12:29.189,9.31044,9.31341,1.97,2.10
2016.07.05 16:12:29.479,9.31044,9.31339,1.97,2.10
2016.07.05 16:12:29.794,9.31044,9.31335,1.37,2.10
2016.07.05 16:12:30.277,9.31044,9.31348,1.97,1.37
2016.07.05 16:12:30.429,9.31036,9.31364,1.67,1.37
2016.07.05 16:12:30.940,9.31036,9.31364,1.67,1.37
2016.07.05 16:12:31.016,9.31036,9.31364,1.67,1.37
2016.07.05 16:12:33.157,9.31012,9.31364,1.97,1.37
2016.07.05 16:12:33.208,9.31012,9.31316,1.97,1.20
2016.07.05 16:12:33.669,9.31012,9.31292,1.60,1.35
2016.07.05 16:12:33.720,9.31012,9.31354,1.67,1.37
2016.07.05 16:12:34.567,9.31012,9.31354,2.10,1.37
2016.07.05 16:12:56.772,9.31088,9.31436,1.00,1.37
2016.07.05 16:12:56.828,9.31082,9.31436,1.35,1.97
2016.07.05 16:12:57.095,9.31082,9.31466,1.35,1.00
2016.07.05 16:12:57.201,9.31082,9.31493,1.35,1.37
2016.07.05 16:12:58.320,9.31082,9.31496,1.35,1.37
2016.07.05 16:13:03.089,9.31082,9.31476,1.35,1.37
2016.07.05 16:13:05.426,9.3107,9.31466,1.35,1.75
2016.07.05 16:13:05.477,9.31054,9.31385,2.47,2.47
2016.07.05 16:13:05.781,9.31045,9.31379,1.35,1.97
2016.07.05 16:13:05.832,9.31039,9.31379,1.35,1.97
2016.07.05 16:13:06.040,9.31039,9.31379,1.67,1.97
2016.07.05 16:13:10.304,9.31039,9.31379,1.67,1.00
2016.07.05 16:13:10.406,9.31039,9.3141,1.67,1.07
2016.07.05 16:13:10.457,9.31034,9.3141,1.97,1.00
2016.07.05 16:13:11.539,9.31042,9.3141,1.35,1.00
2016.07.05 16:13:12.310,9.31042,9.31429,1.35,1.00
2016.07.05 16:13:12.623,9.31042,9.31417,1.35,1.00
2016.07.05 16:13:15.801,9.31042,9.31429,1.35,1.00
2016.07.05 16:13:22.335,9.31042,9.31449,2.10,1.00
2016.07.05 16:13:22.386,9.31054,9.31459,1.97,1.00
2016.07.05 16:13:22.985,9.31066,9.31459,1.35,1.00
2016.07.05 16:13:30.085,9.31154,9.31479,1.50,1.00
2016.07.05 16:13:30.389,9.31315,9.31589,1.50,2.10
2016.07.05 16:13:30.807,9.31315,9.31585,1.50,2.10
2016.07.05 16:13:30.858,9.31315,9.31483,1.50,1.00
2016.07.05 16:13:31.123,9.31316,9.31526,1.50,1.60
2016.07.05 16:13:31.275,9.31314,9.31526,1.50,1.60
2016.07.05 16:13:31.515,9.31314,9.31526,1.50,1.35
2016.07.05 16:13:32.743,9.31314,9.31579,1.50,2.10
2016.07.05 16:13:34.995,9.31314,9.31576,1.50,2.10
2016.07.05 16:13:35.097,9.31308,9.31576,1.50,2.10
2016.07.05 16:13:35.198,9.31187,9.3157,1.35,1.60
2016.07.05 16:13:35.249,9.31184,9.3157,1.35,1.60
2016.07.05 16:13:35.300,9.31184,9.3157,1.07,1.67
2016.07.05 16:13:35.717,9.31184,9.31554,1.00,1.67
2016.07.05 16:13:35.769,9.31184,9.31534,1.00,1.60
2016.07.05 16:13:36.113,9.31184,9.31534,1.00,1.60
2016.07.05 16:13:37.019,9.31174,9.31534,1.00,1.60
2016.07.05 16:13:37.768,9.31174,9.31493,1.00,1.00
2016.07.05 16:13:38.283,9.31094,9.31379,1.00,2.10
2016.07.05 16:13:38.625,9.31074,9.31384,1.07,2.10
2016.07.05 16:13:39.155,9.31074,9.31379,1.07,2.10
2016.07.05 16:13:39.276,9.31074,9.31408,1.07,1.10
2016.07.05 16:13:39.465,9.31036,9.31408,1.35,1.00
2016.07.05 16:13:39.567,9.31036,9.31436,1.35,1.00
2016.07.05 16:13:39.720,9.31064,9.31436,1.37,1.00
2016.07.05 16:13:40.591,9.31057,9.31469,1.35,1.00
2016.07.05 16:13:47.748,9.31057,9.31453,1.35,1.00
2016.07.05 16:13:49.750,9.31081,9.31452,1.35,1.00
2016.07.05 16:13:52.863,9.31081,9.31489,1.35,1.00
2016.07.05 16:14:12.337,9.31081,9.31485,1.35,1.00
2016.07.05 16:14:22.659,9.31082,9.31476,1.97,1.00
2016.07.05 16:14:23.078,9.31082,9.31452,1.97,1.00
2016.07.05 16:14:25.178,9.31082,9.31451,1.97,1.00
2016.07.05 16:14:29.283,9.31082,9.31446,1.97,1.00
2016.07.05 16:14:30.090,9.31082,9.31451,1.97,1.00
2016.07.05 16:14:31.371,9.31082,9.31446,1.97,1.00
2016.07.05 16:14:34.411,9.31082,9.31451,1.97,1.00
2016.07.05 16:14:34.948,9.31082,9.31451,1.97,1.00
2016.07.05 16:14:35.646,9.31074,9.31415,1.37,1.00
2016.07.05 16:14:36.101,9.3106,9.31451,1.35,1.00
2016.07.05 16:14:37.909,9.3106,9.31472,1.35,1.00
2016.07.05 16:14:47.830,9.31081,9.315,1.35,1.07
2016.07.05 16:14:52.358,9.31093,9.31495,1.37,1.00
2016.07.05 16:15:01.424,9.31088,9.31495,1.70,1.37
2016.07.05 16:15:01.778,9.31088,9.31481,1.60,1.75
2016.07.05 16:15:02.302,9.31104,9.3146,1.00,1.37
2016.07.05 16:15:02.645,9.31114,9.3146,1.00,1.37
2016.07.05 16:15:03.098,9.31074,9.3146,1.60,1.37
2016.07.05 16:15:03.516,9.31074,9.3146,1.60,1.37
2016.07.05 16:15:03.821,9.31005,9.31326,2.10,2.92
2016.07.05 16:15:04.315,9.30994,9.31306,1.60,2.17
2016.07.05 16:15:04.662,9.30994,9.313,1.60,2.10
2016.07.05 16:15:05.143,9.30994,9.31295,1.60,2.10
2016.07.05 16:15:05.644,9.30994,9.31299,1.60,2.10
2016.07.05 16:15:08.595,9.30984,9.31297,1.60,2.10
2016.07.05 16:15:19.289,9.30973,9.31294,2.10,2.10
2016.07.05 16:15:20.693,9.30969,9.3129,2.17,2.10
2016.07.05 16:15:21.033,9.30973,9.31294,2.10,2.10
2016.07.05 16:15:25.286,9.30974,9.31317,1.60,1.00
2016.07.05 16:15:25.387,9.31013,9.31326,1.60,1.00
2016.07.05 16:15:25.438,9.31013,9.31374,1.60,1.00
2016.07.05 16:15:25.540,9.31013,9.31374,1.60,1.00
2016.07.05 16:15:25.591,9.31013,9.31404,1.60,1.07
2016.07.05 16:15:25.743,9.31013,9.31404,2.47,1.00
2016.07.05 16:15:25.794,9.31027,9.31404,2.17,1.00
2016.07.05 16:15:26.098,9.31031,9.31414,2.17,1.07
2016.07.05 16:15:26.410,9.31034,9.31414,2.10,1.07
2016.07.05 16:15:26.910,9.31044,9.31414,1.00,1.07
2016.07.05 16:15:27.064,9.31049,9.31436,1.00,1.37
2016.07.05 16:15:27.166,9.31049,9.31436,1.00,1.00
2016.07.05 16:15:27.317,9.31049,9.31436,1.72,1.00
2016.07.05 16:15:27.368,9.31049,9.31436,1.72,1.00
2016.07.05 16:15:27.534,9.31049,9.31436,1.67,1.00
2016.07.05 16:15:28.068,9.31049,9.3145,1.67,1.07
2016.07.05 16:15:28.334,9.31049,9.3145,1.07,1.07
2016.07.05 16:15:28.385,9.31043,9.31407,1.97,1.00
2016.07.05 16:15:28.903,9.31064,9.31407,1.00,1.00
2016.07.05 16:15:32.568,9.31064,9.31413,1.00,1.00
2016.07.05 16:15:37.732,9.31074,9.31413,1.00,1.00
2016.07.05 16:15:38.238,9.31064,9.31413,1.00,1.00
2016.07.05 16:15:38.836,9.31074,9.31413,1.00,1.00
2016.07.05 16:15:39.265,9.31074,9.31413,1.60,1.00
2016.07.05 16:15:39.807,9.31054,9.31413,1.67,1.00
2016.07.05 16:15:40.110,9.31054,9.31426,1.67,1.00
2016.07.05 16:15:40.213,9.31054,9.31426,1.67,1.00
2016.07.05 16:15:40.264,9.31054,9.31426,1.07,1.00
2016.07.05 16:15:41.057,9.31054,9.31426,1.67,1.00
2016.07.05 16:15:41.366,9.31054,9.31426,1.67,1.00
2016.07.05 16:15:41.766,9.31054,9.31426,1.07,1.00
2016.07.05 16:15:42.319,9.31064,9.31426,1.00,1.00
2016.07.05 16:15:43.071,9.31074,9.31426,1.00,1.00
2016.07.05 16:15:43.371,9.31064,9.31426,1.00,1.00
2016.07.05 16:15:43.422,9.31064,9.31413,1.00,1.00
2016.07.05 16:15:43.967,9.31054,9.31413,1.57,1.00
2016.07.05 16:15:53.341,9.31064,9.31413,1.00,1.00
2016.07.05 16:15:54.924,9.31054,9.31413,1.57,1.00
2016.07.05 16:16:05.651,9.31054,9.31413,1.37,1.00
2016.07.05 16:16:14.829,9.31049,9.31396,1.97,1.00
2016.07.05 16:16:15.805,9.31049,9.31396,1.97,1.00
2016.07.05 16:16:15.856,9.31049,9.31416,1.97,1.00
2016.07.05 16:16:15.958,9.31049,9.31425,1.97,1.00
2016.07.05 16:16:18.061,9.3105,9.31425,1.37,1.00
2016.07.05 16:16:23.592,9.31056,9.31431,1.97,1.00
2016.07.05 16:16:24.126,9.31056,9.31431,1.97,1.00
2016.07.05 16:16:27.574,9.31056,9.31425,1.97,1.00
2016.07.05 16:16:27.985,9.31057,9.31425,1.07,1.00
2016.07.05 16:16:28.504,9.31057,9.31425,1.67,1.00
2016.07.05 16:16:28.937,9.31057,9.31425,1.67,1.00
2016.07.05 16:16:32.016,9.31057,9.31425,1.67,1.00
2016.07.05 16:16:37.743,9.31057,9.31425,1.67,1.00
2016.07.05 16:16:40.333,9.31057,9.31406,1.67,1.00
2016.07.05 16:16:42.041,9.31057,9.31416,1.67,1.50
2016.07.05 16:16:42.380,9.31057,9.31406,1.67,1.00
2016.07.05 16:16:43.371,9.31057,9.31416,1.67,1.50
2016.07.05 16:16:43.422,9.31057,9.31406,1.67,1.00
2016.07.05 16:16:46.273,9.31057,9.31406,1.07,1.00
2016.07.05 16:16:46.732,9.3105,9.31416,1.07,1.00
2016.07.05 16:16:46.783,9.31055,9.31416,1.67,1.00
2016.07.05 16:16:46.942,9.31055,9.31424,1.67,1.00
2016.07.05 16:16:47.299,9.31055,9.31424,1.67,1.00
2016.07.05 16:16:47.652,9.31055,9.31406,1.67,1.00
2016.07.05 16:16:47.773,9.31055,9.31406,1.07,1.00
2016.07.05 16:16:47.875,9.31057,9.31424,1.07,1.00
2016.07.05 16:16:48.495,9.31057,9.31436,1.07,1.00
2016.07.05 16:16:48.546,9.31063,9.31436,1.70,1.00
2016.07.05 16:16:49.017,9.31063,9.31426,1.70,1.00
2016.07.05 16:16:49.387,9.31063,9.31416,1.70,1.00
2016.07.05 16:16:49.523,9.31063,9.31416,1.10,1.00
2016.07.05 16:16:49.574,9.31059,9.31436,1.07,1.00
2016.07.05 16:16:50.050,9.3106,9.31436,1.67,1.00
2016.07.05 16:16:50.369,9.3106,9.31416,1.67,1.00
2016.07.05 16:16:50.691,9.3106,9.31406,1.67,1.00
2016.07.05 16:16:51.053,9.31054,9.31406,1.07,1.00
2016.07.05 16:16:51.154,9.31054,9.31427,1.07,1.00
2016.07.05 16:16:51.696,9.31061,9.31446,1.67,1.57
2016.07.05 16:16:52.045,9.31061,9.31426,1.67,1.00
2016.07.05 16:16:52.355,9.31061,9.31386,1.67,1.00
2016.07.05 16:16:52.549,9.31061,9.31396,1.67,1.00
2016.07.05 16:16:53.178,9.31061,9.31406,1.67,1.00
2016.07.05 16:16:53.351,9.31061,9.31396,1.67,1.00
2016.07.05 16:16:53.754,9.31061,9.31406,1.67,1.00
2016.07.05 16:16:54.452,9.31061,9.31396,1.67,1.00
2016.07.05 16:16:55.763,9.31061,9.31386,1.67,1.00
2016.07.05 16:16:56.170,9.31061,9.31396,1.67,1.50
2016.07.05 16:16:56.900,9.31061,9.31386,1.67,1.00
2016.07.05 16:16:58.263,9.31061,9.31386,1.07,1.50
2016.07.05 16:16:58.364,9.31045,9.31376,1.37,1.00
2016.07.05 16:16:58.795,9.30995,9.31297,1.97,1.00
2016.07.05 16:16:58.898,9.30993,9.31317,1.97,1.00
2016.07.05 16:16:58.949,9.30993,9.31346,1.97,1.00
2016.07.05 16:16:59.000,9.30993,9.31346,1.67,1.00
2016.07.05 16:16:59.051,9.30993,9.31346,1.67,1.00
2016.07.05 16:16:59.103,9.30993,9.31356,1.67,1.00
2016.07.05 16:16:59.154,9.30993,9.31356,1.67,1.50
2016.07.05 16:16:59.263,9.30993,9.31347,1.67,1.00
2016.07.05 16:16:59.365,9.30973,9.31336,1.67,1.00
2016.07.05 16:16:59.717,9.30973,9.31314,1.00,1.00
2016.07.05 16:16:59.770,9.30937,9.31307,1.00,1.87
2016.07.05 16:16:59.821,9.30905,9.31284,1.05,1.00
2016.07.05 16:16:59.923,9.30899,9.31284,1.60,1.37
2016.07.05 16:17:00.024,9.30899,9.31284,1.60,1.37
2016.07.05 16:17:00.278,9.30899,9.31266,1.60,1.07
2016.07.05 16:17:00.582,9.30899,9.31246,1.60,1.00
2016.07.05 16:17:00.901,9.30899,9.31226,1.60,1.00
2016.07.05 16:17:01.219,9.30899,9.31216,1.60,1.00
2016.07.05 16:17:01.270,9.30899,9.31216,1.60,1.00
2016.07.05 16:17:01.372,9.30899,9.31196,1.60,1.00
2016.07.05 16:17:01.731,9.30899,9.31196,1.60,1.00
2016.07.05 16:17:01.783,9.30899,9.31196,1.60,1.00
2016.07.05 16:17:02.124,9.30996,9.31196,2.10,1.00
2016.07.05 16:17:02.428,9.30999,9.31176,2.10,1.00
2016.07.05 16:17:03.188,9.3103,9.31166,2.10,1.00
2016.07.05 16:17:03.524,9.30936,9.31166,2.10,1.00
2016.07.05 16:17:03.777,9.30994,9.31166,2.10,1.00
2016.07.05 16:17:04.030,9.30986,9.31166,2.10,1.00
2016.07.05 16:17:04.523,9.30982,9.31166,2.10,1.00
2016.07.05 16:17:04.754,9.30982,9.31156,2.10,1.00
2016.07.05 16:17:04.805,9.30971,9.31156,2.10,1.00
2016.07.05 16:17:04.856,9.30971,9.31166,2.10,1.00
2016.07.05 16:17:05.078,9.30976,9.31166,2.10,1.00
2016.07.05 16:17:05.179,9.30976,9.31176,2.10,1.00
2016.07.05 16:17:05.281,9.30968,9.31176,2.10,1.00
2016.07.05 16:17:05.534,9.30957,9.31176,2.10,1.00
2016.07.05 16:17:05.653,9.30957,9.31186,2.10,1.00
2016.07.05 16:17:06.227,9.30954,9.31177,2.10,1.00
2016.07.05 16:17:06.278,9.30954,9.31186,2.10,1.00
2016.07.05 16:17:06.669,9.30954,9.31206,2.10,1.00
2016.07.05 16:17:06.833,9.30969,9.31206,2.10,1.00
2016.07.05 16:17:06.915,9.30969,9.31216,2.10,1.00
2016.07.05 16:17:07.067,9.3096,9.31216,2.10,1.00
2016.07.05 16:17:07.407,9.30976,9.31216,2.10,1.00
2016.07.05 16:17:07.522,9.30973,9.31216,2.10,1.00
2016.07.05 16:17:07.770,9.30973,9.31226,2.10,1.00
2016.07.05 16:17:07.872,9.30973,9.31236,2.10,1.00
2016.07.05 16:17:09.399,9.30973,9.31246,2.10,1.00
2016.07.05 16:17:09.890,9.30973,9.31236,2.10,1.00
2016.07.05 16:17:10.692,9.30973,9.31246,2.10,1.00
2016.07.05 16:17:11.882,9.30973,9.31236,2.10,1.00
2016.07.05 16:17:12.697,9.30973,9.31227,2.10,1.00
2016.07.05 16:17:16.432,9.30973,9.31236,2.10,1.00
2016.07.05 16:17:17.818,9.30973,9.31237,2.10,1.00
2016.07.05 16:17:18.611,9.30973,9.31246,2.10,1.00
2016.07.05 16:17:19.943,9.30973,9.31256,2.10,1.00
2016.07.05 16:17:21.022,9.30968,9.31256,2.10,1.00
2016.07.05 16:17:21.124,9.30968,9.31267,2.10,1.00
2016.07.05 16:17:22.408,9.30968,9.31257,2.10,1.00
2016.07.05 16:17:22.820,9.30962,9.31266,2.10,1.00
2016.07.05 16:17:22.922,9.30962,9.31256,2.10,1.00
2016.07.05 16:17:23.559,9.30976,9.31256,2.10,1.00
2016.07.05 16:17:23.610,9.30971,9.31256,2.10,1.00
2016.07.05 16:17:23.941,9.30971,9.31246,2.10,1.00
2016.07.05 16:17:26.624,9.30971,9.31236,2.10,1.00
2016.07.05 16:17:27.031,9.30971,9.31246,2.10,1.00
2016.07.05 16:17:27.225,9.30971,9.31236,2.10,1.00
2016.07.05 16:17:27.975,9.30971,9.31246,2.10,1.00
2016.07.05 16:17:28.284,9.30958,9.31246,2.10,1.00
2016.07.05 16:17:28.436,9.30958,9.31266,2.10,1.00
2016.07.05 16:17:28.538,9.30945,9.31266,2.10,1.00
2016.07.05 16:17:29.272,9.30942,9.31266,2.10,1.00
2016.07.05 16:17:29.373,9.30942,9.31256,2.10,1.00
2016.07.05 16:17:30.565,9.30942,9.31246,2.10,1.00
2016.07.05 16:17:31.901,9.30949,9.31246,2.10,1.00
2016.07.05 16:17:31.952,9.30943,9.31246,2.10,1.00
2016.07.05 16:17:32.155,9.30943,9.31256,2.10,1.00
2016.07.05 16:17:33.905,9.30943,9.31246,2.10,1.00
2016.07.05 16:17:34.234,9.30957,9.31246,2.10,1.00
2016.07.05 16:17:34.538,9.30968,9.31256,2.10,1.00
2016.07.05 16:17:34.863,9.30977,9.31256,2.10,1.00
2016.07.05 16:17:35.709,9.30977,9.31266,2.10,1.00
2016.07.05 16:17:37.610,9.30977,9.31277,2.10,1.00
2016.07.05 16:17:38.085,9.30977,9.31286,2.10,1.00
2016.07.05 16:17:38.186,9.30977,9.31276,2.10,1.00
2016.07.05 16:17:39.461,9.30977,9.31251,2.10,1.00
2016.07.05 16:17:43.772,9.30973,9.31251,2.10,1.00
2016.07.05 16:17:43.881,9.30973,9.31246,2.10,1.00
2016.07.05 16:17:44.381,9.30973,9.31251,2.10,1.00
2016.07.05 16:17:50.072,9.30977,9.31246,2.10,1.00
2016.07.05 16:17:50.123,9.30977,9.31251,2.10,1.00
2016.07.05 16:17:54.049,9.30977,9.3125,2.10,1.00
2016.07.05 16:17:57.339,9.30977,9.31246,2.10,1.00
2016.07.05 16:17:57.961,9.30977,9.31236,2.10,1.00
2016.07.05 16:17:58.446,9.30977,9.31226,2.10,1.00
2016.07.05 16:17:59.212,9.30972,9.31226,2.10,1.00
2016.07.05 16:17:59.264,9.30978,9.31226,2.10,1.00
2016.07.05 16:17:59.567,9.30978,9.31216,2.10,1.00
2016.07.05 16:18:00.133,9.30978,9.31206,2.10,1.00
2016.07.05 16:18:02.139,9.30978,9.31196,2.10,1.00
2016.07.05 16:18:02.972,9.30978,9.31206,2.10,1.00
2016.07.05 16:18:05.546,9.30978,9.31216,2.10,1.00
2016.07.05 16:18:06.649,9.30978,9.31206,2.10,1.00
2016.07.05 16:18:10.056,9.30978,9.31196,2.10,1.00
2016.07.05 16:18:10.858,9.30978,9.31206,2.10,1.00
2016.07.05 16:18:16.775,9.30978,9.31216,2.10,1.00
2016.07.05 16:18:22.218,9.30978,9.31206,2.10,1.00
2016.07.05 16:18:23.293,9.30978,9.31216,2.10,1.00
2016.07.05 16:18:26.543,9.30978,9.31206,2.10,1.00
2016.07.05 16:18:28.345,9.30978,9.31196,2.10,1.00
2016.07.05 16:18:29.910,9.30978,9.31206,2.10,1.00
2016.07.05 16:18:35.780,9.30974,9.31206,2.10,1.00
2016.07.05 16:18:36.211,9.30962,9.31206,2.10,1.00
2016.07.05 16:18:36.263,9.30962,9.31197,2.10,1.00
2016.07.05 16:18:36.521,9.30957,9.31197,2.10,1.00
2016.07.05 16:18:36.701,9.30957,9.31186,2.10,1.00
2016.07.05 16:18:38.362,9.30957,9.31176,2.10,1.00
2016.07.05 16:18:39.364,9.30957,9.31166,2.10,1.00
2016.07.05 16:18:40.820,9.30968,9.31166,2.10,1.00
2016.07.05 16:18:41.485,9.30961,9.31166,2.10,1.00
2016.07.05 16:18:41.770,9.30958,9.31166,2.10,1.00
2016.07.05 16:18:42.775,9.30968,9.31166,2.10,1.00
2016.07.05 16:18:43.160,9.30971,9.31166,2.10,1.00
2016.07.05 16:18:43.211,9.30971,9.31176,2.10,1.00
2016.07.05 16:18:43.274,9.30971,9.31166,2.10,1.00
2016.07.05 16:18:45.385,9.30971,9.31156,2.10,1.00
2016.07.05 16:18:46.106,9.30975,9.31156,2.10,1.00
2016.07.05 16:18:48.392,9.30975,9.31146,2.10,1.00
2016.07.05 16:18:49.502,9.30975,9.31156,2.10,1.00
2016.07.05 16:18:51.288,9.3096,9.31156,2.10,1.00
2016.07.05 16:18:51.463,9.3096,9.31146,2.10,1.00
2016.07.05 16:18:51.947,9.3096,9.31156,2.10,1.00
2016.07.05 16:18:52.270,9.30969,9.31156,2.10,1.00
2016.07.05 16:18:52.781,9.30959,9.31156,2.10,1.00
2016.07.05 16:18:53.311,9.30956,9.31157,2.10,1.00
2016.07.05 16:18:53.840,9.30956,9.31156,2.10,1.00
2016.07.05 16:18:54.500,9.30956,9.31146,2.10,1.00
2016.07.05 16:18:54.821,9.30959,9.31146,2.10,1.00
2016.07.05 16:18:55.061,9.30932,9.31146,2.10,1.00
2016.07.05 16:18:55.163,9.30932,9.31156,2.10,1.00
2016.07.05 16:18:55.322,9.30954,9.31156,2.10,1.00
2016.07.05 16:18:55.373,9.30954,9.31166,2.10,1.00
2016.07.05 16:18:55.677,9.30954,9.31176,2.10,1.00
2016.07.05 16:18:55.780,9.30961,9.31176,2.10,1.00
2016.07.05 16:18:56.121,9.3097,9.31176,2.10,1.00
2016.07.05 16:18:56.471,9.30962,9.31176,2.10,1.00
2016.07.05 16:18:57.021,9.30958,9.31176,2.10,1.00
2016.07.05 16:18:57.292,9.30958,9.31186,2.10,1.00
2016.07.05 16:18:57.645,9.30958,9.31176,2.10,1.00
2016.07.05 16:18:59.043,9.30958,9.31167,2.10,1.00
2016.07.05 16:18:59.360,9.3097,9.31166,2.10,1.00
2016.07.05 16:18:59.737,9.3097,9.31156,2.10,1.00
2016.07.05 16:19:00.038,9.30974,9.31156,2.10,1.00
2016.07.05 16:19:02.091,9.30974,9.31166,2.10,1.00
2016.07.05 16:19:02.301,9.30969,9.31166,2.10,1.00
2016.07.05 16:19:02.520,9.30963,9.31166,2.10,1.00
2016.07.05 16:19:02.824,9.3096,9.31166,2.10,1.00
2016.07.05 16:19:03.068,9.30964,9.31166,2.10,1.00
2016.07.05 16:19:03.780,9.30959,9.31166,2.10,1.00
2016.07.05 16:19:04.801,9.30964,9.31166,2.10,1.00
2016.07.05 16:19:04.852,9.30959,9.31166,2.10,1.00
2016.07.05 16:19:05.102,9.30959,9.31176,2.10,1.00
2016.07.05 16:19:05.302,9.30972,9.31176,2.10,1.00
2016.07.05 16:19:05.846,9.30973,9.31176,2.10,1.00
2016.07.05 16:19:06.650,9.30973,9.31186,2.10,1.00
2016.07.05 16:19:07.016,9.30973,9.31196,2.10,1.00
2016.07.05 16:19:07.307,9.30973,9.31186,2.10,1.00
2016.07.05 16:19:07.608,9.30973,9.31196,2.10,1.00
2016.07.05 16:19:09.642,9.30973,9.31207,2.10,1.00
2016.07.05 16:19:10.110,9.30973,9.31217,2.10,1.00
2016.07.05 16:19:10.917,9.30973,9.31216,2.10,1.00
2016.07.05 16:19:11.437,9.30973,9.31226,2.10,1.00
2016.07.05 16:19:13.332,9.30973,9.31236,2.10,1.00
2016.07.05 16:19:13.673,9.30973,9.31226,2.10,1.00
2016.07.05 16:19:15.284,9.30974,9.31216,2.10,1.00
2016.07.05 16:19:15.386,9.30974,9.31226,2.10,1.00
2016.07.05 16:19:15.640,9.3098,9.31226,2.10,1.00
2016.07.05 16:19:15.742,9.30975,9.31226,2.10,1.00
2016.07.05 16:19:15.794,9.3098,9.31226,2.10,1.00
2016.07.05 16:19:15.896,9.30975,9.31226,2.10,1.00
2016.07.05 16:19:17.382,9.30975,9.31236,2.10,1.00
2016.07.05 16:19:17.707,9.30975,9.31226,2.10,1.00
2016.07.05 16:19:18.865,9.30975,9.31236,2.10,1.00
2016.07.05 16:19:19.867,9.30975,9.31226,2.10,1.00
2016.07.05 16:19:20.369,9.30975,9.31236,2.10,1.00
2016.07.05 16:19:21.896,9.30975,9.31227,2.10,1.00
2016.07.05 16:19:22.799,9.30975,9.31226,2.10,1.00
2016.07.05 16:19:23.894,9.30975,9.31216,2.10,1.00
2016.07.05 16:19:24.681,9.30975,9.31206,2.10,1.00
2016.07.05 16:19:25.722,9.30975,9.31196,2.10,1.00
2016.07.05 16:19:26.780,9.30981,9.31196,2.10,1.00
2016.07.05 16:19:26.831,9.30981,9.31206,2.10,1.00
2016.07.05 16:19:27.135,9.30981,9.31196,2.10,1.00
2016.07.05 16:19:27.186,9.30977,9.31196,2.10,1.00
2016.07.05 16:19:32.979,9.3097,9.31196,2.10,1.00
2016.07.05 16:19:33.081,9.30975,9.31196,2.10,1.00
2016.07.05 16:19:33.431,9.30975,9.31186,2.10,1.00
2016.07.05 16:19:34.034,9.30975,9.31196,2.10,1.00
2016.07.05 16:19:36.843,9.30975,9.31206,2.10,1.00
2016.07.05 16:19:38.484,9.30975,9.31216,2.10,1.00
2016.07.05 16:19:38.636,9.30975,9.31206,2.10,1.00
2016.07.05 16:19:41.887,9.30975,9.31196,2.10,1.00
2016.07.05 16:19:49.687,9.30975,9.31186,2.10,1.00
2016.07.05 16:19:52.167,9.30975,9.31196,2.10,1.00
2016.07.05 16:19:52.670,9.30975,9.31186,2.10,1.00
2016.07.05 16:19:59.857,9.30975,9.31176,2.10,1.00
2016.07.05 16:20:00.321,9.30931,9.31176,2.17,1.00
2016.07.05 16:20:00.625,9.3093,9.31167,2.10,1.00
2016.07.05 16:20:00.809,9.30904,9.31167,2.17,1.00
2016.07.05 16:20:01.225,9.30899,9.31176,2.10,1.00
2016.07.05 16:20:01.461,9.30902,9.31187,2.10,1.00
2016.07.05 16:20:02.610,9.30897,9.31187,2.10,1.00
2016.07.05 16:20:03.296,9.30897,9.31186,2.10,1.00
2016.07.05 16:20:03.551,9.30894,9.31186,2.10,1.00
2016.07.05 16:20:03.796,9.30894,9.31176,2.10,1.00
2016.07.05 16:20:04.280,9.30891,9.31176,2.10,1.00
2016.07.05 16:20:04.779,9.30891,9.31166,2.10,1.00
2016.07.05 16:20:05.408,9.30891,9.31156,2.10,1.00
2016.07.05 16:20:05.920,9.30886,9.31146,2.10,1.00
2016.07.05 16:20:07.376,9.30886,9.31136,2.10,1.00
2016.07.05 16:20:09.313,9.30884,9.31136,2.10,1.00
2016.07.05 16:20:09.990,9.30887,9.31126,2.10,1.00
2016.07.05 16:20:10.989,9.30887,9.31116,2.10,1.00
2016.07.05 16:20:14.424,9.30883,9.31106,2.10,1.00
2016.07.05 16:20:14.793,9.30843,9.31106,1.00,1.00
2016.07.05 16:20:14.894,9.30804,9.31106,2.17,1.37
2016.07.05 16:20:14.945,9.30801,9.31106,1.60,1.37
2016.07.05 16:20:15.046,9.30866,9.31096,2.10,1.37
2016.07.05 16:20:15.097,9.30866,9.31096,2.10,1.00
2016.07.05 16:20:15.312,9.30869,9.31096,2.10,1.50
2016.07.05 16:20:15.643,9.30875,9.31087,2.10,1.00
2016.07.05 16:20:16.043,9.30875,9.31096,2.10,1.50
2016.07.05 16:20:16.445,9.30875,9.31106,2.10,1.50
2016.07.05 16:20:16.505,9.30875,9.31096,2.10,1.00
2016.07.05 16:20:17.047,9.30875,9.31086,2.10,1.00
2016.07.05 16:20:17.329,9.30813,9.31086,1.00,1.00
2016.07.05 16:20:17.380,9.30813,9.31096,1.00,1.37
2016.07.05 16:20:17.684,9.3081,9.31096,2.10,1.37
2016.07.05 16:20:18.210,9.30814,9.31096,2.10,1.37
2016.07.05 16:20:18.591,9.30814,9.31086,2.10,1.37
2016.07.05 16:20:18.642,9.30818,9.31076,2.10,1.37
2016.07.05 16:20:20.056,9.30818,9.31086,2.10,1.37
2016.07.05 16:20:21.002,9.30812,9.31086,2.10,1.37
2016.07.05 16:20:21.309,9.30817,9.31081,2.10,1.00
2016.07.05 16:20:21.668,9.30817,9.31076,2.10,1.00
2016.07.05 16:20:24.634,9.30817,9.31081,2.10,1.00
2016.07.05 16:20:25.283,9.30812,9.31081,2.10,1.00
2016.07.05 16:20:26.650,9.30812,9.31077,2.10,1.00
2016.07.05 16:20:26.772,9.30812,9.31081,2.10,1.00
2016.07.05 16:20:27.325,9.30816,9.31081,2.10,1.00
2016.07.05 16:20:27.376,9.30816,9.31086,2.10,1.00
2016.07.05 16:20:28.551,9.30815,9.31086,2.10,1.00
2016.07.05 16:20:28.602,9.30815,9.31081,2.10,1.00
2016.07.05 16:20:29.779,9.3081,9.31081,2.10,1.00
2016.07.05 16:20:29.881,9.3081,9.31076,2.10,1.00
2016.07.05 16:20:30.281,9.30817,9.31076,2.10,1.00
2016.07.05 16:20:31.635,9.30814,9.31076,2.10,1.00
2016.07.05 16:20:31.686,9.30814,9.31066,2.10,1.00
2016.07.05 16:20:31.900,9.30814,9.31076,2.10,1.00
2016.07.05 16:20:32.182,9.30814,9.31067,2.10,1.00
2016.07.05 16:20:32.779,9.3081,9.31067,2.10,1.00
2016.07.05 16:20:33.963,9.3081,9.31056,2.10,1.00
2016.07.05 16:20:34.288,9.3081,9.31066,2.10,1.00
2016.07.05 16:20:35.178,9.3081,9.31056,2.10,1.00
2016.07.05 16:20:35.522,9.3081,9.31076,2.10,1.00
2016.07.05 16:20:36.529,9.30814,9.31076,2.10,1.00
2016.07.05 16:20:36.994,9.3081,9.31081,2.10,1.00
2016.07.05 16:20:37.044,9.30813,9.31081,2.10,1.00
2016.07.05 16:20:37.348,9.30813,9.31076,2.10,1.00
2016.07.05 16:20:38.602,9.3081,9.31076,2.10,1.00
2016.07.05 16:20:40.609,9.3081,9.31066,2.10,1.00
2016.07.05 16:20:41.560,9.30813,9.31066,2.10,1.00
2016.07.05 16:20:42.105,9.30813,9.31056,2.10,1.00
2016.07.05 16:20:42.520,9.3081,9.31056,2.10,1.00
2016.07.05 16:20:42.621,9.3081,9.31077,2.10,1.00
2016.07.05 16:20:44.121,9.3081,9.31086,2.10,1.00
2016.07.05 16:20:44.680,9.30813,9.31086,2.10,1.00
2016.07.05 16:20:44.984,9.30813,9.31076,2.10,1.00
2016.07.05 16:20:45.519,9.3081,9.31076,2.10,1.00
2016.07.05 16:20:45.779,9.30813,9.31076,2.10,1.00
2016.07.05 16:20:46.343,9.30813,9.31086,2.10,1.00
2016.07.05 16:20:46.432,9.30817,9.31086,2.10,1.00
2016.07.05 16:20:46.722,9.30814,9.31086,2.10,1.00
2016.07.05 16:20:46.958,9.30814,9.31076,2.10,1.00
2016.07.05 16:20:47.161,9.30814,9.31086,2.10,1.00
2016.07.05 16:20:51.142,9.30814,9.31076,2.10,1.00
2016.07.05 16:20:51.243,9.30814,9.31087,2.10,1.00
2016.07.05 16:20:51.345,9.30814,9.31076,2.10,1.00
2016.07.05 16:20:53.299,9.3081,9.31076,2.10,1.00
2016.07.05 16:20:57.392,9.3081,9.31086,2.10,1.50
2016.07.05 16:21:02.972,9.30815,9.31086,2.10,1.00
2016.07.05 16:21:04.235,9.30809,9.31086,2.10,1.00
2016.07.05 16:21:05.522,9.30815,9.31086,2.10,1.00
2016.07.05 16:21:05.573,9.3081,9.31086,2.10,1.00
2016.07.05 16:21:08.901,9.30807,9.31086,2.10,1.00
2016.07.05 16:21:08.952,9.30811,9.31086,2.10,1.00
2016.07.05 16:21:09.179,9.30783,9.31061,2.10,1.00
2016.07.05 16:21:09.281,9.30787,9.31061,2.10,1.00
2016.07.05 16:21:09.630,9.30808,9.31136,2.10,1.88
2016.07.05 16:21:09.932,9.30811,9.31136,2.10,1.88
2016.07.05 16:21:12.832,9.30811,9.31146,2.10,1.88
2016.07.05 16:21:14.033,9.30811,9.3115,2.10,1.26
2016.07.05 16:21:32.907,9.3081,9.31136,2.10,1.88
2016.07.05 16:21:33.060,9.30814,9.31136,2.10,1.88
2016.07.05 16:21:37.758,9.30809,9.31106,2.10,1.51
2016.07.05 16:21:43.017,9.30809,9.31096,2.10,1.37
2016.07.05 16:21:43.519,9.30813,9.31106,2.10,1.45
2016.07.05 16:21:44.699,9.30813,9.31117,2.10,1.75
2016.07.05 16:21:44.801,9.30809,9.31117,2.10,1.75
2016.07.05 16:21:50.331,9.30813,9.31116,2.10,1.75
2016.07.05 16:21:54.618,9.30807,9.31126,2.10,1.75
2016.07.05 16:21:54.720,9.30811,9.31126,2.10,1.75
2016.07.05 16:21:59.834,9.30811,9.31079,2.10,1.00
2016.07.05 16:22:04.221,9.30811,9.31085,2.10,1.00
2016.07.05 16:22:05.331,9.30811,9.31074,2.10,1.00
2016.07.05 16:22:06.559,9.30811,9.31085,2.10,1.00
2016.07.05 16:22:07.597,9.30807,9.31085,2.10,1.00
2016.07.05 16:22:07.698,9.30812,9.31085,2.10,1.00
2016.07.05 16:22:10.519,9.30807,9.31085,2.10,1.00
2016.07.05 16:22:10.597,9.30812,9.31085,2.10,1.00
2016.07.05 16:22:23.203,9.30814,9.31085,2.10,1.00
2016.07.05 16:22:23.305,9.30811,9.31085,2.10,1.00
2016.07.05 16:22:23.479,9.30815,9.31085,2.10,1.00
2016.07.05 16:22:23.530,9.3081,9.31085,2.10,1.00
2016.07.05 16:22:23.581,9.30814,9.31085,2.10,1.00
2016.07.05 16:22:24.758,9.3081,9.31085,2.10,1.00
2016.07.05 16:22:24.859,9.30814,9.31085,2.10,1.00
2016.07.05 16:22:25.825,9.3081,9.31085,2.10,1.00
2016.07.05 16:22:25.881,9.30815,9.31085,2.10,1.00
2016.07.05 16:22:26.262,9.3081,9.31085,2.10,1.00
2016.07.05 16:22:26.516,9.30814,9.31085,2.10,1.00
2016.07.05 16:22:27.016,9.30817,9.31085,2.10,1.00
2016.07.05 16:22:30.792,9.30811,9.31085,2.10,1.00
2016.07.05 16:22:31.631,9.30816,9.31085,2.10,1.00
2016.07.05 16:22:34.084,9.30816,9.31116,2.10,1.00
2016.07.05 16:22:34.840,9.30816,9.31106,2.10,1.00
2016.07.05 16:22:35.103,9.30812,9.31106,2.10,1.00
2016.07.05 16:22:35.740,9.30815,9.31106,2.10,1.00
2016.07.05 16:22:36.944,9.30815,9.31116,2.10,1.00
2016.07.05 16:22:39.338,9.30815,9.31126,2.10,1.07
2016.07.05 16:22:41.239,9.30815,9.31116,2.10,1.00
2016.07.05 16:22:41.341,9.30815,9.31126,2.10,1.07
2016.07.05 16:22:41.442,9.30815,9.31116,2.10,1.00
2016.07.05 16:22:41.856,9.30815,9.31126,2.10,1.07
2016.07.05 16:22:45.467,9.30815,9.31116,2.10,1.00
2016.07.05 16:22:51.149,9.30815,9.31126,2.10,1.07
2016.07.05 16:22:52.181,9.30815,9.31117,2.10,1.00
2016.07.05 16:22:52.888,9.30815,9.31136,2.10,1.37
2016.07.05 16:22:54.449,9.30828,9.31126,2.10,1.07
2016.07.05 16:22:54.787,9.30832,9.31126,2.10,1.07
2016.07.05 16:22:55.016,9.30823,9.31126,2.10,1.07
2016.07.05 16:22:55.380,9.30816,9.31116,2.10,1.00
2016.07.05 16:22:55.885,9.30821,9.31126,2.10,1.07
2016.07.05 16:22:56.090,9.30821,9.31116,2.10,1.00
2016.07.05 16:22:56.993,9.30812,9.31116,2.10,1.00
2016.07.05 16:22:57.230,9.30823,9.31126,2.10,1.07
2016.07.05 16:22:58.912,9.30823,9.31116,2.10,1.00
2016.07.05 16:22:59.916,9.30823,9.31126,2.10,1.07
2016.07.05 16:23:02.015,9.30823,9.31136,2.10,1.37
2016.07.05 16:23:10.597,9.30823,9.31085,2.10,1.00
2016.07.05 16:23:11.033,9.30897,9.31085,2.10,1.00
2016.07.05 16:23:11.134,9.30909,9.31117,2.10,1.00
2016.07.05 16:23:11.185,9.30909,9.31178,2.10,1.00
2016.07.05 16:23:11.287,9.30875,9.31178,2.10,1.00
2016.07.05 16:23:13.499,9.30871,9.31153,2.10,1.00
2016.07.05 16:23:18.213,9.30871,9.31206,2.10,1.07
2016.07.05 16:23:23.703,9.30871,9.31197,2.10,1.00
2016.07.05 16:23:24.535,9.30871,9.31206,2.10,1.07
2016.07.05 16:23:25.886,9.30871,9.31196,2.10,1.00
2016.07.05 16:23:26.506,9.30871,9.31196,2.10,1.37
2016.07.05 16:23:27.820,9.30865,9.31196,2.10,1.37
2016.07.05 16:23:27.921,9.30874,9.31206,2.10,1.45
2016.07.05 16:23:49.039,9.30953,9.31153,2.10,1.00
2016.07.05 16:23:49.141,9.30953,9.31206,2.10,1.37
2016.07.05 16:23:49.243,9.30953,9.31209,2.10,1.00
2016.07.05 16:23:49.294,9.3096,9.31209,2.10,1.00
2016.07.05 16:23:49.540,9.30986,9.31236,2.10,1.00
2016.07.05 16:23:49.693,9.30986,9.31246,2.10,1.50
2016.07.05 16:23:50.042,9.30992,9.31246,2.10,1.50
2016.07.05 16:23:50.542,9.30902,9.31072,1.75,1.00
2016.07.05 16:23:50.644,9.30902,9.31072,1.37,1.00
2016.07.05 16:23:50.746,9.30823,9.31072,2.10,1.00
2016.07.05 16:23:50.797,9.30936,9.31063,2.10,1.50
2016.07.05 16:23:51.083,9.30958,9.31146,2.10,1.00
2016.07.05 16:23:51.286,9.30963,9.31146,2.10,1.00
2016.07.05 16:23:51.544,9.30986,9.31216,2.10,1.00
2016.07.05 16:23:51.657,9.30986,9.31206,2.10,1.00
2016.07.05 16:23:51.961,9.30989,9.31207,2.10,1.00
2016.07.05 16:23:52.496,9.30991,9.31206,2.10,1.00
2016.07.05 16:23:53.401,9.30991,9.31196,2.10,1.00
2016.07.05 16:23:53.662,9.30991,9.31207,2.10,1.00
2016.07.05 16:23:54.663,9.30991,9.31196,2.10,1.00
2016.07.05 16:23:58.515,9.30933,9.31196,1.50,1.60
2016.07.05 16:23:58.566,9.30909,9.3114,1.75,1.00
2016.07.05 16:23:58.668,9.30894,9.31126,2.17,1.00
2016.07.05 16:23:58.771,9.30894,9.31126,2.10,1.00
2016.07.05 16:23:58.822,9.30954,9.31126,2.10,1.00
2016.07.05 16:23:58.924,9.30959,9.31193,2.10,1.00
2016.07.05 16:23:59.025,9.30964,9.31196,2.10,1.00
2016.07.05 16:23:59.618,9.30963,9.31197,2.10,1.00
2016.07.05 16:24:00.118,9.30984,9.31196,2.10,1.00
2016.07.05 16:24:00.420,9.30989,9.31196,2.10,1.00
2016.07.05 16:24:02.327,9.30989,9.31186,2.10,1.00
2016.07.05 16:24:02.847,9.30989,9.31187,2.10,1.00
2016.07.05 16:24:04.784,9.30995,9.31187,2.10,1.00
2016.07.05 16:24:05.092,9.30995,9.31196,2.10,1.00
2016.07.05 16:24:05.437,9.30995,9.31186,2.10,1.00
2016.07.05 16:24:05.876,9.30998,9.31186,2.10,1.00
2016.07.05 16:24:06.515,9.30991,9.31186,2.10,1.00
2016.07.05 16:24:07.095,9.30995,9.31186,2.10,1.00
2016.07.05 16:24:08.400,9.30995,9.31176,2.10,1.00
2016.07.05 16:24:08.630,9.30995,9.31186,2.10,1.00
2016.07.05 16:24:08.855,9.30995,9.31176,2.10,1.00
2016.07.05 16:24:08.906,9.30991,9.31176,2.10,1.00
2016.07.05 16:24:08.957,9.30982,9.31176,2.10,1.00
2016.07.05 16:24:09.015,9.30991,9.31176,2.10,1.00
2016.07.05 16:24:09.117,9.30982,9.31176,2.10,1.00
2016.07.05 16:24:09.168,9.30991,9.31176,2.10,1.00
2016.07.05 16:24:09.295,9.30983,9.31176,2.10,1.00
2016.07.05 16:24:09.751,9.30994,9.31176,2.10,1.00
2016.07.05 16:24:10.093,9.30994,9.31166,2.10,1.00
2016.07.05 16:24:10.609,9.30994,9.31157,2.10,1.00
2016.07.05 16:24:11.151,9.30993,9.31156,2.10,1.00
2016.07.05 16:24:12.456,9.30993,9.31146,2.10,1.00
2016.07.05 16:24:13.382,9.30987,9.31146,2.10,1.00
2016.07.05 16:24:13.809,9.30983,9.31147,2.10,1.00
2016.07.05 16:24:14.447,9.30983,9.31146,2.10,1.00
2016.07.05 16:24:14.618,9.30983,9.31156,2.10,1.00
2016.07.05 16:24:15.364,9.30983,9.31146,2.10,1.00
2016.07.05 16:24:18.827,9.30983,9.31156,2.10,1.00
2016.07.05 16:24:20.864,9.30977,9.31156,2.10,1.00
2016.07.05 16:24:20.966,9.30977,9.31147,2.10,1.00
2016.07.05 16:24:23.387,9.30977,9.31146,2.10,1.00
2016.07.05 16:24:24.147,9.30977,9.31136,2.10,1.00
2016.07.05 16:24:26.193,9.30977,9.31126,2.10,1.00
2016.07.05 16:24:26.718,9.30978,9.31126,2.10,1.00
2016.07.05 16:24:27.164,9.30978,9.31136,2.10,1.00
2016.07.05 16:24:32.567,9.30978,9.31146,2.10,1.00
2016.07.05 16:24:33.075,9.3095,9.31146,2.10,1.00
2016.07.05 16:24:33.396,9.3095,9.31166,2.10,1.00
2016.07.05 16:24:33.912,9.3095,9.31167,2.10,1.00
2016.07.05 16:24:34.073,9.3095,9.31176,2.10,1.00
2016.07.05 16:24:34.903,9.3095,9.31186,2.10,1.00
2016.07.05 16:24:35.565,9.30953,9.31186,2.10,1.00
2016.07.05 16:24:35.677,9.30953,9.31196,2.10,1.00
2016.07.05 16:24:36.681,9.30953,9.31197,2.10,1.00
2016.07.05 16:24:37.069,9.30923,9.31197,2.10,1.00
2016.07.05 16:24:37.484,9.30916,9.31196,2.10,1.00
2016.07.05 16:24:39.694,9.30921,9.31196,2.10,1.00
2016.07.05 16:24:40.229,9.30921,9.31197,2.10,1.00
2016.07.05 16:24:43.872,9.30921,9.31227,2.10,1.37
2016.07.05 16:24:50.446,9.30919,9.31246,2.10,2.25
2016.07.05 16:24:50.903,9.30928,9.31246,2.10,2.25
2016.07.05 16:24:50.955,9.30919,9.31246,2.10,2.25
2016.07.05 16:24:58.804,9.30915,9.31236,2.10,1.37
2016.07.05 16:25:02.293,9.3094,9.31227,2.10,1.37
2016.07.05 16:25:02.606,9.30972,9.31236,2.10,1.37
2016.07.05 16:25:03.108,9.30977,9.31246,2.10,1.37
2016.07.05 16:25:04.819,9.30977,9.31246,2.10,1.07
2016.07.05 16:25:07.294,9.3098,9.31246,2.10,1.07
2016.07.05 16:25:07.584,9.30975,9.31246,2.10,1.07
2016.07.05 16:25:08.610,9.30975,9.31236,2.10,1.00
2016.07.05 16:25:10.932,9.30975,9.31247,2.10,1.07
2016.07.05 16:25:12.156,9.30975,9.31236,2.10,1.00
2016.07.05 16:25:15.171,9.30975,9.31246,2.10,1.07
2016.07.05 16:25:31.084,9.30983,9.31256,2.10,1.07
2016.07.05 16:25:42.565,9.30979,9.31246,2.10,1.07
2016.07.05 16:25:43.120,9.30973,9.31246,2.10,1.07
2016.07.05 16:25:44.069,9.30976,9.31256,2.10,1.07
2016.07.05 16:25:46.013,9.31004,9.31266,2.10,1.37
2016.07.05 16:25:46.116,9.30984,9.31266,2.10,1.37
2016.07.05 16:25:46.790,9.30984,9.31276,2.10,2.25
2016.07.05 16:26:00.237,9.30984,9.31299,2.10,1.75
2016.07.05 16:26:00.288,9.30987,9.31316,2.10,2.25
2016.07.05 16:26:00.665,9.30989,9.31306,2.10,1.75
2016.07.05 16:26:00.763,9.30987,9.31306,2.10,1.75
2016.07.05 16:26:01.262,9.3099,9.31306,2.10,1.75
2016.07.05 16:26:01.423,9.3099,9.31306,2.10,1.37
2016.07.05 16:26:05.262,9.30995,9.31306,2.10,1.87
2016.07.05 16:26:05.630,9.30996,9.31306,2.10,1.37
2016.07.05 16:26:05.782,9.31003,9.31316,2.10,1.37
2016.07.05 16:26:06.088,9.31034,9.31316,2.10,1.37
2016.07.05 16:26:06.501,9.31034,9.31346,2.10,1.37
2016.07.05 16:26:06.552,9.31038,9.31326,2.10,1.07
2016.07.05 16:26:07.033,9.31038,9.31316,2.10,1.00
2016.07.05 16:26:11.293,9.31038,9.31326,2.10,1.07
2016.07.05 16:26:12.294,9.31008,9.31336,2.17,1.87
2016.07.05 16:26:14.522,9.31004,9.31336,2.47,1.12
2016.07.05 16:26:23.022,9.31007,9.31327,2.17,1.07
2016.07.05 16:27:30.648,9.31007,9.31316,2.17,1.00
2016.07.05 16:27:30.928,9.31007,9.31326,2.17,1.07
2016.07.05 16:27:43.314,9.31013,9.31347,2.17,1.37
2016.07.05 16:27:43.839,9.30933,9.3123,1.75,1.60
2016.07.05 16:27:43.891,9.30955,9.31176,2.10,1.00
2016.07.05 16:27:43.942,9.30955,9.31259,2.10,1.07
2016.07.05 16:27:44.043,9.3096,9.31299,2.10,1.75
2016.07.05 16:27:44.195,9.3096,9.3133,2.17,1.75
2016.07.05 16:27:45.081,9.30967,9.31316,2.10,1.75
2016.07.05 16:27:45.594,9.30967,9.31306,2.10,1.75
2016.07.05 16:27:45.936,9.30997,9.31296,2.10,1.07
2016.07.05 16:27:46.321,9.31006,9.31296,2.10,1.07
2016.07.05 16:27:46.664,9.31006,9.31297,2.10,1.00
2016.07.05 16:27:46.837,9.31006,9.31286,2.10,1.00
2016.07.05 16:27:52.052,9.31006,9.31296,2.10,1.00
2016.07.05 16:27:53.222,9.30979,9.31296,2.47,1.00
2016.07.05 16:27:53.340,9.30976,9.31296,2.10,1.00
2016.07.05 16:27:53.553,9.3097,9.31296,1.67,1.00
2016.07.05 16:27:53.760,9.3097,9.31296,1.67,1.00
2016.07.05 16:27:53.861,9.30967,9.31306,2.17,1.07
2016.07.05 16:27:54.761,9.30969,9.31316,2.17,1.37
2016.07.05 16:27:56.303,9.30974,9.31306,2.10,1.07
2016.07.05 16:27:56.544,9.30969,9.31306,2.17,1.07
2016.07.05 16:27:57.709,9.30969,9.31297,2.17,1.00
2016.07.05 16:27:58.211,9.30969,9.31306,2.17,1.07
2016.07.05 16:27:58.928,9.30969,9.31296,2.17,1.00
2016.07.05 16:28:00.571,9.30969,9.31276,2.17,1.00
2016.07.05 16:28:00.872,9.30967,9.31276,1.67,1.00
2016.07.05 16:28:02.212,9.30967,9.31266,1.67,1.00
2016.07.05 16:28:03.177,9.30967,9.31256,1.67,1.00
2016.07.05 16:28:04.063,9.30967,9.31246,1.67,1.00
2016.07.05 16:28:05.274,9.30971,9.31246,2.17,1.00
2016.07.05 16:28:05.607,9.30971,9.31256,2.17,1.00
2016.07.05 16:28:08.611,9.30971,9.31246,2.17,1.00
2016.07.05 16:28:12.698,9.30971,9.31237,2.17,1.00
2016.07.05 16:28:15.020,9.30966,9.31237,2.17,1.00
2016.07.05 16:28:15.122,9.30966,9.31227,2.17,1.00
2016.07.05 16:28:15.716,9.30966,9.31226,2.17,1.00
2016.07.05 16:28:17.920,9.3097,9.31226,2.17,1.00
2016.07.05 16:28:18.521,9.30967,9.31226,2.17,1.00
2016.07.05 16:28:25.770,9.30971,9.31226,2.17,1.00
2016.07.05 16:28:25.872,9.30971,9.31236,2.17,1.00
2016.07.05 16:28:27.868,9.30971,9.31226,2.17,1.00
2016.07.05 16:28:29.340,9.30971,9.31236,2.17,1.00
2016.07.05 16:28:29.545,9.30966,9.31236,2.17,1.00
2016.07.05 16:28:31.840,9.30966,9.31226,2.17,1.00
2016.07.05 16:28:31.978,9.30966,9.31236,2.17,1.00
2016.07.05 16:28:32.493,9.30966,9.31246,2.17,1.00
2016.07.05 16:28:35.607,9.30966,9.31256,2.17,1.00
2016.07.05 16:28:37.789,9.30966,9.31266,2.17,1.00
2016.07.05 16:28:38.145,9.30966,9.31256,2.17,1.00
2016.07.05 16:28:45.213,9.30966,9.31246,2.17,1.00
2016.07.05 16:28:47.607,9.3097,9.31246,2.17,1.00
2016.07.05 16:28:51.856,9.3097,9.31256,2.17,1.00
2016.07.05 16:28:53.075,9.3097,9.31247,2.17,1.00
2016.07.05 16:29:00.028,9.30999,9.31247,2.10,1.00
2016.07.05 16:29:00.381,9.30999,9.31266,2.10,1.00
2016.07.05 16:29:05.769,9.30997,9.31256,2.10,1.00
2016.07.05 16:29:07.175,9.30997,9.31246,2.10,1.00
2016.07.05 16:29:09.413,9.30997,9.31256,2.10,1.00
2016.07.05 16:29:12.933,9.30997,9.31266,2.10,1.00
2016.07.05 16:29:13.592,9.30997,9.31256,2.10,1.00
2016.07.05 16:29:15.516,9.30997,9.31266,2.10,1.00
2016.07.05 16:29:15.567,9.31005,9.31266,2.10,1.00
2016.07.05 16:29:15.618,9.31005,9.31276,2.10,1.00
2016.07.05 16:29:22.033,9.30975,9.31276,2.47,1.00
2016.07.05 16:29:22.448,9.30999,9.31276,2.10,1.00
2016.07.05 16:29:22.784,9.31139,9.31266,2.10,1.00
2016.07.05 16:29:22.835,9.31139,9.31277,2.10,1.00
2016.07.05 16:29:23.038,9.31055,9.31276,1.00,1.00
2016.07.05 16:29:23.140,9.31055,9.31286,1.00,1.00
2016.07.05 16:29:23.191,9.31018,9.31286,2.10,1.00
2016.07.05 16:29:23.292,9.31017,9.31286,1.60,1.00
2016.07.05 16:29:23.343,9.31017,9.31276,1.60,1.00
2016.07.05 16:29:23.664,9.31139,9.31276,2.10,1.00
2016.07.05 16:29:23.765,9.31051,9.31276,1.00,1.00
2016.07.05 16:29:23.968,9.31009,9.31276,1.60,1.00
2016.07.05 16:29:24.019,9.31009,9.31276,1.60,1.00
2016.07.05 16:29:24.172,9.31009,9.31286,1.60,1.00
2016.07.05 16:29:24.684,9.31034,9.31336,1.41,1.07
2016.07.05 16:29:24.979,9.31013,9.31336,2.10,1.07
2016.07.05 16:29:25.250,9.31009,9.31336,1.35,1.07
2016.07.05 16:29:25.301,9.31009,9.31336,1.60,1.07
2016.07.05 16:29:26.548,9.31009,9.31336,1.00,1.07
2016.07.05 16:29:26.896,9.31009,9.31326,1.00,1.00
2016.07.05 16:29:26.997,9.31009,9.31336,1.00,1.07
2016.07.05 16:29:35.603,9.31009,9.31326,1.00,1.00
2016.07.05 16:29:35.851,9.31009,9.31336,1.35,1.07
2016.07.05 16:29:37.422,9.31009,9.31336,1.60,1.07
2016.07.05 16:29:37.473,9.31009,9.31336,1.00,1.07
2016.07.05 16:29:38.113,9.31009,9.31326,1.00,1.00
2016.07.05 16:29:38.918,9.31009,9.31316,1.00,1.50
2016.07.05 16:29:39.276,9.31009,9.31306,1.00,1.00
2016.07.05 16:29:39.745,9.31009,9.31296,1.00,1.00
2016.07.05 16:29:40.683,9.31009,9.31286,1.00,1.00
2016.07.05 16:29:43.891,9.31009,9.31296,1.00,1.00
2016.07.05 16:29:44.205,9.31009,9.31286,1.00,1.00
2016.07.05 16:29:45.194,9.31009,9.31286,1.60,1.00
2016.07.05 16:29:45.721,9.31009,9.31286,1.00,1.00
2016.07.05 16:29:45.773,9.31009,9.31296,1.00,1.00
2016.07.05 16:29:48.331,9.31009,9.31286,1.00,1.00
2016.07.05 16:29:49.054,9.30974,9.31286,1.97,1.00
2016.07.05 16:29:49.156,9.30974,9.31286,1.97,1.00
2016.07.05 16:29:49.258,9.30974,9.31286,1.67,1.00
2016.07.05 16:29:49.309,9.30974,9.31286,1.67,1.00
2016.07.05 16:29:49.411,9.30974,9.31276,1.60,1.00
2016.07.05 16:29:49.555,9.30974,9.31276,1.00,1.00
2016.07.05 16:29:49.606,9.30942,9.31276,1.00,1.00
2016.07.05 16:29:49.809,9.30942,9.31276,1.60,1.07
2016.07.05 16:29:50.125,9.30942,9.31266,1.60,1.00
2016.07.05 16:29:50.268,9.30942,9.31266,1.60,1.00
2016.07.05 16:29:50.669,9.30923,9.31266,2.17,1.37
2016.07.05 16:29:51.010,9.30919,9.31266,2.17,1.37
2016.07.05 16:29:51.463,9.30919,9.31246,2.17,1.00
2016.07.05 16:29:52.586,9.30919,9.31236,2.17,1.00
2016.07.05 16:29:53.689,9.30919,9.31226,2.17,1.00
2016.07.05 16:29:54.268,9.30909,9.31226,1.97,1.00
2016.07.05 16:29:54.420,9.30909,9.31226,1.60,1.00
2016.07.05 16:29:54.692,9.30909,9.31216,1.60,1.00
2016.07.05 16:29:55.052,9.30909,9.31216,1.60,1.00
2016.07.05 16:29:58.624,9.30885,9.31206,2.47,1.00
2016.07.05 16:29:59.249,9.30891,9.31206,2.47,1.00
2016.07.05 16:29:59.327,9.30891,9.31216,2.47,1.00
2016.07.05 16:29:59.534,9.30882,9.31216,2.47,1.00
2016.07.05 16:29:59.584,9.30888,9.31216,2.47,1.00
2016.07.05 16:29:59.635,9.3088,9.31216,2.47,1.00
2016.07.05 16:29:59.686,9.30873,9.31216,3.22,1.00
2016.07.05 16:30:00.187,9.30882,9.31226,2.47,1.07
2016.07.05 16:30:00.675,9.30873,9.31226,1.97,1.07
2016.07.05 16:30:00.738,9.30882,9.31226,2.47,1.07
2016.07.05 16:30:00.840,9.30873,9.31226,1.97,1.07
2016.07.05 16:30:01.074,9.30881,9.31227,2.47,1.07
2016.07.05 16:30:01.797,9.30873,9.31227,1.97,1.07
2016.07.05 16:30:01.849,9.30873,9.31216,1.97,1.00
2016.07.05 16:30:02.152,9.30883,9.31226,2.47,1.07
2016.07.05 16:30:06.615,9.30873,9.31226,1.97,1.07
2016.07.05 16:30:06.717,9.3088,9.31226,2.47,1.07
2016.07.05 16:30:06.921,9.30873,9.31216,1.97,1.00
2016.07.05 16:30:07.376,9.30873,9.31226,1.97,1.07
2016.07.05 16:30:07.427,9.3088,9.31226,2.47,1.07
2016.07.05 16:30:07.763,9.3088,9.31216,2.47,1.00
2016.07.05 16:30:07.865,9.30873,9.31216,1.97,1.00
2016.07.05 16:30:07.967,9.30879,9.31216,2.47,1.00
2016.07.05 16:30:08.663,9.30879,9.31246,2.47,1.37
2016.07.05 16:30:15.116,9.30873,9.31247,1.97,1.37
2016.07.05 16:30:15.218,9.30877,9.31246,2.47,1.37
2016.07.05 16:30:15.541,9.30873,9.31246,1.97,1.37
2016.07.05 16:30:15.644,9.30873,9.31246,1.60,1.37
2016.07.05 16:30:16.289,9.30873,9.31246,1.60,1.37
2016.07.05 16:30:21.403,9.30873,9.31216,1.35,1.00
2016.07.05 16:30:21.837,9.30873,9.31216,1.60,1.00
2016.07.05 16:30:22.607,9.30873,9.31227,1.60,1.07
2016.07.05 16:30:23.380,9.30873,9.31227,1.00,1.07
2016.07.05 16:30:23.481,9.30873,9.31227,1.60,1.07
2016.07.05 16:30:23.912,9.30873,9.31216,1.60,1.00
2016.07.05 16:30:25.780,9.30873,9.31216,1.00,1.00
2016.07.05 16:30:26.036,9.30872,9.31216,1.60,1.00
2016.07.05 16:30:26.138,9.30872,9.31226,1.60,1.07
2016.07.05 16:30:26.668,9.30872,9.31216,1.60,1.00
2016.07.05 16:30:26.770,9.30872,9.31226,1.60,1.07
2016.07.05 16:30:27.170,9.30872,9.31216,1.60,1.00
2016.07.05 16:30:28.551,9.30872,9.31217,1.60,1.00
2016.07.05 16:30:30.051,9.30872,9.31217,1.60,1.00
2016.07.05 16:30:30.422,9.30872,9.31206,1.60,1.00
2016.07.05 16:30:31.178,9.30872,9.31196,1.60,1.00
2016.07.05 16:30:31.575,9.30872,9.31206,1.60,1.00
2016.07.05 16:30:32.827,9.30872,9.31196,1.60,1.00
2016.07.05 16:30:36.394,9.30873,9.31206,1.60,1.00
2016.07.05 16:30:36.608,9.30873,9.31197,1.60,1.00
2016.07.05 16:30:37.810,9.30873,9.31186,1.60,1.00
2016.07.05 16:30:38.098,9.30873,9.31196,1.60,1.00
2016.07.05 16:30:38.399,9.30873,9.31186,1.60,1.00
2016.07.05 16:30:40.205,9.30873,9.31196,1.60,1.00
2016.07.05 16:30:41.208,9.30873,9.31186,1.60,1.00
2016.07.05 16:30:43.892,9.30873,9.31206,1.60,1.00
2016.07.05 16:30:44.418,9.30873,9.31196,1.60,1.00
2016.07.05 16:30:47.013,9.30873,9.31186,1.60,1.00
2016.07.05 16:30:51.124,9.30873,9.31176,1.60,1.00
2016.07.05 16:30:51.239,9.30873,9.31186,1.60,1.00
2016.07.05 16:30:52.126,9.30873,9.31176,1.60,1.00
2016.07.05 16:30:57.157,9.30873,9.31167,1.60,1.00
2016.07.05 16:30:57.474,9.30873,9.31176,1.60,1.00
2016.07.05 16:30:58.348,9.30873,9.31186,1.60,1.00
2016.07.05 16:30:59.363,9.30873,9.31196,1.60,1.00
2016.07.05 16:31:01.370,9.30873,9.31206,1.60,1.00
2016.07.05 16:31:02.172,9.30873,9.31196,1.60,1.00
2016.07.05 16:31:03.411,9.30873,9.31187,1.60,1.00
2016.07.05 16:31:05.392,9.30873,9.31196,1.60,1.00
2016.07.05 16:31:09.619,9.30873,9.31186,1.60,1.00
2016.07.05 16:31:10.221,9.30873,9.31197,1.60,1.00
2016.07.05 16:31:10.677,9.30889,9.31216,1.00,1.00
2016.07.05 16:31:13.805,9.30889,9.31206,1.00,1.00
2016.07.05 16:31:15.412,9.30889,9.31256,1.00,1.75
2016.07.05 16:31:19.510,9.30889,9.31271,1.00,1.75
2016.07.05 16:31:31.456,9.30888,9.31284,1.00,1.75
2016.07.05 16:31:41.961,9.30889,9.31284,1.00,1.75
2016.07.05 16:31:44.076,9.30889,9.31276,1.00,1.75
2016.07.05 16:31:48.286,9.30853,9.31206,1.67,1.07
2016.07.05 16:31:48.437,9.30853,9.31196,1.67,1.00
2016.07.05 16:31:48.761,9.30853,9.31196,1.60,1.07
2016.07.05 16:31:48.812,9.30853,9.31196,1.60,1.07
2016.07.05 16:31:50.123,9.30853,9.31177,1.60,1.00
2016.07.05 16:31:50.313,9.30853,9.31177,1.60,1.00
2016.07.05 16:31:50.814,9.30853,9.31177,1.60,1.00
2016.07.05 16:31:50.916,9.30853,9.31167,1.60,1.00
2016.07.05 16:31:51.115,9.30853,9.31176,1.60,1.00
2016.07.05 16:31:51.315,9.30853,9.31176,1.60,1.00
2016.07.05 16:31:51.759,9.30853,9.31166,1.60,1.00
2016.07.05 16:31:52.638,9.30853,9.31166,1.60,1.00
2016.07.05 16:31:53.606,9.30853,9.31156,1.60,1.00
2016.07.05 16:31:55.527,9.30853,9.31156,1.60,1.00
2016.07.05 16:31:56.015,9.30853,9.31166,1.60,1.00
2016.07.05 16:31:56.275,9.30853,9.31166,1.60,1.00
2016.07.05 16:31:56.528,9.30853,9.31166,1.60,1.00
2016.07.05 16:31:56.879,9.30853,9.31156,1.60,1.00
2016.07.05 16:31:57.802,9.30853,9.31156,1.60,1.00
2016.07.05 16:32:00.220,9.30852,9.31166,1.60,1.00
2016.07.05 16:32:01.044,9.30852,9.31176,1.60,1.00
2016.07.05 16:32:01.846,9.30852,9.31186,1.60,1.07
2016.07.05 16:32:18.580,9.30853,9.31196,1.60,1.07
2016.07.05 16:32:25.508,9.30853,9.31236,1.60,1.75
2016.07.05 16:32:25.767,9.30853,9.31226,1.60,1.75
2016.07.05 16:32:27.234,9.30853,9.31252,1.97,1.75
2016.07.05 16:32:28.766,9.30853,9.31246,1.97,1.75
2016.07.05 16:32:35.045,9.30852,9.31266,1.97,1.75
2016.07.05 16:33:04.634,9.30849,9.31284,2.10,1.75
2016.07.05 16:33:07.162,9.30849,9.3126,2.10,1.75
2016.07.05 16:33:09.567,9.30803,9.31246,1.60,1.75
2016.07.05 16:33:09.769,9.30788,9.31228,1.60,1.75
2016.07.05 16:33:09.820,9.30788,9.31228,1.60,1.75
2016.07.05 16:33:10.138,9.30832,9.31228,2.10,1.75
2016.07.05 16:33:10.572,9.30841,9.31228,2.10,1.75
2016.07.05 16:33:11.091,9.30813,9.31228,2.10,1.75
2016.07.05 16:33:33.555,9.30806,9.31223,2.10,1.75
2016.07.05 16:33:36.265,9.30812,9.31223,2.10,1.75
2016.07.05 16:34:04.788,9.30812,9.31215,2.10,1.75
2016.07.05 16:34:07.802,9.30878,9.31215,2.10,1.75
2016.07.05 16:34:07.904,9.30878,9.31245,2.10,1.75
2016.07.05 16:34:08.299,9.30885,9.31245,2.10,1.75
2016.07.05 16:34:09.479,9.30853,9.31227,2.10,1.75
2016.07.05 16:34:10.410,9.30858,9.31227,2.10,1.75
2016.07.05 16:34:10.525,9.30848,9.31227,2.10,1.75
2016.07.05 16:34:14.765,9.31014,9.31227,2.10,1.75
2016.07.05 16:34:14.917,9.31014,9.31249,2.10,1.37
2016.07.05 16:34:15.069,9.31019,9.31279,2.10,1.75
2016.07.05 16:34:16.307,9.31023,9.31279,2.10,1.75
2016.07.05 16:34:16.460,9.31023,9.31279,2.10,1.75
2016.07.05 16:34:16.774,9.3102,9.31279,2.10,1.75
2016.07.05 16:34:17.686,9.31025,9.31267,2.10,1.37
2016.07.05 16:34:18.084,9.31028,9.31267,2.10,1.37
2016.07.05 16:34:20.194,9.31025,9.31267,2.10,1.37
2016.07.05 16:34:21.764,9.31018,9.31267,2.10,1.37
2016.07.05 16:34:21.866,9.31022,9.31267,2.10,1.37
2016.07.05 16:34:22.319,9.31025,9.31267,2.10,1.37
2016.07.05 16:34:25.894,9.31025,9.31267,2.10,1.37
2016.07.05 16:34:27.356,9.31021,9.31267,2.10,1.37
2016.07.05 16:34:27.821,9.31025,9.31267,2.10,1.37
2016.07.05 16:34:30.520,9.31028,9.31267,2.10,1.37
2016.07.05 16:34:32.308,9.31024,9.31267,2.10,1.37
2016.07.05 16:34:44.057,9.30971,9.31267,2.10,1.37
2016.07.05 16:34:44.311,9.30971,9.31267,2.10,1.75
2016.07.05 16:34:59.763,9.30969,9.31267,2.10,1.75
2016.07.05 16:35:00.051,9.30971,9.31267,2.10,1.75
2016.07.05 16:35:00.372,9.30968,9.31306,2.10,1.75
2016.07.05 16:35:00.473,9.30968,9.31306,2.10,1.75
2016.07.05 16:35:04.564,9.30971,9.31306,2.10,1.75
2016.07.05 16:35:05.335,9.30968,9.31306,2.10,1.75
2016.07.05 16:35:08.515,9.30971,9.31306,2.10,2.25
2016.07.05 16:35:25.300,9.30974,9.31306,2.10,1.75
2016.07.05 16:35:46.373,9.31013,9.31305,1.00,1.75
2016.07.05 16:35:51.090,9.31024,9.31305,1.00,1.75
2016.07.05 16:35:52.085,9.31034,9.31305,1.00,1.75
2016.07.05 16:35:52.521,9.31024,9.31305,1.00,1.75
2016.07.05 16:35:56.095,9.31034,9.31306,1.00,1.75
2016.07.05 16:35:56.580,9.31024,9.31306,1.00,1.75
2016.07.05 16:36:03.112,9.31034,9.31306,1.00,1.75
2016.07.05 16:36:11.330,9.31044,9.31306,1.00,1.75
2016.07.05 16:36:16.529,9.31034,9.31306,1.00,1.75
2016.07.05 16:36:16.844,9.31024,9.31305,1.00,1.75
2016.07.05 16:36:16.958,9.31034,9.31305,1.00,1.75
2016.07.05 16:36:17.845,9.31044,9.31305,1.00,1.75
2016.07.05 16:36:19.134,9.31064,9.31351,1.00,1.75
2016.07.05 16:36:19.350,9.31053,9.31351,1.00,1.75
2016.07.05 16:36:19.549,9.31064,9.31351,1.00,1.75
2016.07.05 16:36:22.860,9.31034,9.31306,1.00,1.75
2016.07.05 16:36:23.402,9.31034,9.31305,1.00,1.75
2016.07.05 16:36:26.181,9.31024,9.31305,1.00,1.75
2016.07.05 16:36:39.900,9.31014,9.31306,1.00,1.75
2016.07.05 16:36:40.979,9.31004,9.31306,1.00,1.75
2016.07.05 16:36:49.763,9.31004,9.31306,1.60,1.75
2016.07.05 16:36:50.270,9.31024,9.31306,1.00,1.75
2016.07.05 16:36:51.012,9.31014,9.31306,1.00,1.75
2016.07.05 16:36:53.117,9.31044,9.31306,1.00,1.75
2016.07.05 16:36:53.230,9.31034,9.31306,1.00,1.75
2016.07.05 16:36:53.332,9.31044,9.31306,1.00,1.75
2016.07.05 16:36:54.936,9.31054,9.31306,1.00,1.75
2016.07.05 16:36:55.657,9.31063,9.31306,1.00,1.75
2016.07.05 16:36:56.040,9.31068,9.31381,1.67,1.75
2016.07.05 16:36:56.091,9.31068,9.31381,1.67,1.75
2016.07.05 16:36:56.192,9.31068,9.31426,1.67,1.60
2016.07.05 16:36:56.243,9.31054,9.31427,1.00,1.60
2016.07.05 16:36:56.295,9.31054,9.31427,1.60,1.00
2016.07.05 16:36:56.346,9.31117,9.31451,1.00,1.07
2016.07.05 16:36:56.580,9.31117,9.31473,1.00,1.00
2016.07.05 16:36:56.683,9.31117,9.31531,1.00,1.00
2016.07.05 16:36:56.937,9.31117,9.31531,1.00,1.37
2016.07.05 16:36:57.853,9.31103,9.31531,1.70,1.37
2016.07.05 16:37:27.823,9.31145,9.31537,1.00,1.37
2016.07.05 16:37:27.975,9.31145,9.31537,1.37,1.00
2016.07.05 16:37:28.964,9.31145,9.31566,1.37,1.00
2016.07.05 16:37:32.333,9.31145,9.31575,1.37,1.00
2016.07.05 16:37:34.675,9.31148,9.31597,1.37,1.00
2016.07.05 16:37:35.273,9.31148,9.31602,1.37,1.00
2016.07.05 16:37:40.537,9.31183,9.31602,1.00,1.00
2016.07.05 16:37:43.129,9.31217,9.31602,1.00,1.00
2016.07.05 16:37:43.462,9.31217,9.31596,1.00,1.00
2016.07.05 16:37:59.523,9.31217,9.31602,1.00,1.00
2016.07.05 16:38:00.326,9.31171,9.31602,1.00,1.00
2016.07.05 16:38:00.528,9.31171,9.31602,1.07,1.00
2016.07.05 16:38:03.932,9.31171,9.31594,1.07,1.00
2016.07.05 16:38:12.721,9.31172,9.31601,1.07,1.00
2016.07.05 16:38:20.088,9.31199,9.31601,1.00,1.00
2016.07.05 16:38:32.373,9.31199,9.31611,1.00,1.37
2016.07.05 16:38:40.072,9.31199,9.31611,1.00,1.00
2016.07.05 16:38:40.174,9.31199,9.31611,1.07,1.00
2016.07.05 16:38:40.502,9.31199,9.31611,1.75,1.00
2016.07.05 16:38:43.560,9.31266,9.31611,1.35,1.00
2016.07.05 16:38:43.712,9.31266,9.31639,1.35,1.37
2016.07.05 16:38:59.171,9.31281,9.31649,1.35,1.00
2016.07.05 16:38:59.222,9.31286,9.31677,1.35,2.17
2016.07.05 16:38:59.273,9.3157,9.31678,2.10,1.07
2016.07.05 16:38:59.324,9.31575,9.31759,2.10,1.50
2016.07.05 16:38:59.375,9.31584,9.31776,2.10,1.50
2016.07.05 16:38:59.426,9.31587,9.31776,2.10,1.50
2016.07.05 16:38:59.477,9.31587,9.3184,2.10,1.00
2016.07.05 16:38:59.528,9.31574,9.31848,1.00,1.50
2016.07.05 16:39:00.025,9.31535,9.31952,1.00,1.08
2016.07.05 16:39:00.076,9.31525,9.31952,1.00,1.08
2016.07.05 16:39:00.127,9.31525,9.31952,1.00,1.08
2016.07.05 16:39:01.061,9.31525,9.31942,1.00,1.08
2016.07.05 16:39:01.163,9.31525,9.31937,1.07,1.08
2016.07.05 16:39:01.489,9.31531,9.31937,1.00,1.08
2016.07.05 16:39:01.540,9.31531,9.31937,1.00,1.08
2016.07.05 16:39:01.591,9.31531,9.31947,1.75,1.08
2016.07.05 16:39:02.117,9.31531,9.31947,1.75,1.08
2016.07.05 16:39:03.002,9.31531,9.31952,1.75,1.08
2016.07.05 16:39:03.317,9.31542,9.3196,1.35,2.47
2016.07.05 16:39:03.368,9.31565,9.3196,1.35,2.47
2016.07.05 16:39:03.775,9.31577,9.31967,1.35,1.97
2016.07.05 16:39:08.354,9.31577,9.31826,1.35,1.00
2016.07.05 16:39:08.405,9.31535,9.31875,1.97,1.37
2016.07.05 16:39:08.469,9.31553,9.31907,1.35,1.97
2016.07.05 16:39:13.945,9.31568,9.31936,1.35,1.35
2016.07.05 16:39:22.064,9.31584,9.31948,1.35,1.97
2016.07.05 16:39:24.510,9.31632,9.31948,2.10,1.97
2016.07.05 16:39:24.612,9.31634,9.31939,2.10,1.35
2016.07.05 16:39:24.714,9.31639,9.31955,1.35,1.35
2016.07.05 16:39:24.815,9.31655,9.31961,1.35,2.47
2016.07.05 16:39:25.272,9.31655,9.31965,1.35,2.47
2016.07.05 16:39:25.675,9.31655,9.31964,1.35,2.47
2016.07.05 16:39:25.770,9.31655,9.31965,1.35,2.47
2016.07.05 16:39:30.510,9.31604,9.31971,1.75,1.35
2016.07.05 16:39:30.662,9.31604,9.31973,1.75,2.47
2016.07.05 16:39:31.010,9.31604,9.31977,1.75,3.22
2016.07.05 16:39:32.860,9.31613,9.31977,1.75,1.97
2016.07.05 16:39:33.012,9.31635,9.31965,2.47,2.17
2016.07.05 16:39:33.346,9.31651,9.31963,1.35,2.47
2016.07.05 16:39:33.647,9.31651,9.31965,1.35,2.47
2016.07.05 16:39:34.309,9.31651,9.31963,1.35,2.47
2016.07.05 16:39:34.648,9.31651,9.31965,1.35,2.47
2016.07.05 16:39:36.909,9.31651,9.31967,1.35,1.35
2016.07.05 16:39:40.030,9.31651,9.31967,1.35,1.35
2016.07.05 16:39:43.660,9.31651,9.31963,1.35,2.47
2016.07.05 16:39:46.027,9.31614,9.31967,1.75,1.35
2016.07.05 16:39:46.280,9.31644,9.31967,1.75,1.35
2016.07.05 16:39:46.769,9.31644,9.31967,1.75,1.35
2016.07.05 16:39:49.019,9.31634,9.31967,1.75,1.35
2016.07.05 16:39:53.872,9.31623,9.31971,1.37,1.97
2016.07.05 16:39:56.269,9.31604,9.31971,1.75,1.97
2016.07.05 16:39:57.944,9.31602,9.31964,1.37,1.35
2016.07.05 16:40:02.421,9.31602,9.31955,1.00,1.35
2016.07.05 16:40:02.565,9.31562,9.31939,1.75,1.97
2016.07.05 16:40:02.767,9.31562,9.31939,1.75,1.97
2016.07.05 16:40:02.868,9.31562,9.31938,1.07,1.35
2016.07.05 16:40:03.020,9.31536,9.31913,1.75,1.37
2016.07.05 16:40:07.572,9.31536,9.31887,1.75,1.00
2016.07.05 16:40:07.624,9.31507,9.31883,1.37,1.10
2016.07.05 16:40:07.726,9.31507,9.31883,1.37,1.37
2016.07.05 16:40:08.161,9.31481,9.31858,1.00,1.07
2016.07.05 16:40:08.212,9.31481,9.3185,1.00,1.07
2016.07.05 16:40:10.286,9.31489,9.3185,1.00,1.07
2016.07.05 16:40:10.723,9.31489,9.31866,1.37,1.97
2016.07.05 16:40:11.998,9.31489,9.31866,1.75,1.37
2016.07.05 16:40:12.304,9.31526,9.31874,2.17,1.35
2016.07.05 16:40:12.355,9.31529,9.31878,2.47,1.97
2016.07.05 16:40:12.558,9.3154,9.31896,1.35,1.37
2016.07.05 16:40:12.660,9.31545,9.31916,1.97,1.75
2016.07.05 16:40:13.419,9.31545,9.31916,1.97,1.75
2016.07.05 16:40:14.549,9.31558,9.31916,1.35,1.37
2016.07.05 16:40:19.371,9.31545,9.31876,1.97,1.00
2016.07.05 16:40:19.523,9.31545,9.31906,1.37,1.87
2016.07.05 16:40:19.625,9.31526,9.31864,1.00,1.00
2016.07.05 16:40:19.726,9.31526,9.31864,1.00,1.07
2016.07.05 16:40:19.777,9.31487,9.31864,1.00,1.07
2016.07.05 16:40:20.728,9.31487,9.31864,1.00,1.97
2016.07.05 16:40:21.493,9.31458,9.31839,1.37,1.00
2016.07.05 16:40:21.892,9.31458,9.31839,1.00,2.25
2016.07.05 16:40:26.039,9.31378,9.31633,1.75,2.10
2016.07.05 16:40:26.090,9.31378,9.31632,1.37,2.10
2016.07.05 16:40:26.142,9.31374,9.31621,1.75,2.10
2016.07.05 16:40:26.193,9.31343,9.31626,1.07,1.60
2016.07.05 16:40:26.244,9.31464,9.31626,1.00,1.60
2016.07.05 16:40:26.295,9.31464,9.31713,1.00,1.00
2016.07.05 16:40:26.347,9.31444,9.31739,1.00,1.37
2016.07.05 16:40:26.398,9.31354,9.31712,1.00,1.50
2016.07.05 16:40:26.500,9.31282,9.31739,1.37,1.37
2016.07.05 16:40:26.652,9.31292,9.31739,1.75,1.12
2016.07.05 16:40:27.632,9.31292,9.31739,1.75,1.75
2016.07.05 16:40:32.455,9.31289,9.31697,1.75,1.00
2016.07.05 16:40:52.408,9.31289,9.31695,1.75,1.00
2016.07.05 16:41:12.447,9.31289,9.31694,1.75,1.00
2016.07.05 16:41:18.138,9.31294,9.31694,1.37,1.07
2016.07.05 16:42:39.495,9.31254,9.31661,1.75,1.00
2016.07.05 16:42:39.647,9.31248,9.31661,1.37,1.00
2016.07.05 16:42:39.849,9.31243,9.31661,1.00,1.75
2016.07.05 16:42:40.152,9.31243,9.31661,1.00,1.75
2016.07.05 16:42:41.629,9.31243,9.31661,1.50,1.75
2016.07.05 16:42:57.878,9.31204,9.31633,1.75,1.50
2016.07.05 16:43:05.406,9.31196,9.31633,1.75,1.00
2016.07.05 16:43:05.823,9.31196,9.31633,1.75,1.75
2016.07.05 16:43:33.130,9.31152,9.31609,1.75,1.75
2016.07.05 16:43:52.393,9.31179,9.31617,1.75,1.00
2016.07.05 16:44:09.290,9.31188,9.31645,1.75,1.07
2016.07.05 16:44:10.759,9.31196,9.31645,1.37,1.75
2016.07.05 16:44:11.768,9.31196,9.31645,1.07,1.75
2016.07.05 16:44:12.968,9.31196,9.31635,1.00,1.75
2016.07.05 16:44:14.052,9.31178,9.31619,1.12,1.35
2016.07.05 16:44:15.413,9.3115,9.3158,1.07,1.35
2016.07.05 16:44:15.515,9.3115,9.31574,1.07,1.35
2016.07.05 16:44:17.395,9.31139,9.31552,1.75,1.12
2016.07.05 16:44:17.936,9.31139,9.31552,1.37,1.12
2016.07.05 16:44:22.227,9.31114,9.31526,1.75,1.35
2016.07.05 16:44:22.873,9.31114,9.31519,1.75,1.35
2016.07.05 16:44:23.177,9.31093,9.3155,1.75,1.75
2016.07.05 16:45:17.098,9.31097,9.31509,1.75,1.00
2016.07.05 16:45:17.304,9.31097,9.31506,1.75,1.00
2016.07.05 16:45:24.458,9.31073,9.31506,2.25,1.37
2016.07.05 16:45:24.768,9.31073,9.31506,2.25,1.75
2016.07.05 16:45:32.808,9.31073,9.31506,2.25,1.37
2016.07.05 16:45:59.137,9.31073,9.31504,1.75,1.75
2016.07.05 16:46:04.001,9.31073,9.31504,1.75,1.37
2016.07.05 16:46:28.178,9.31073,9.31514,1.75,1.75
2016.07.05 16:46:29.176,9.31073,9.31514,1.75,1.75
2016.07.05 16:46:43.891,9.31073,9.31476,2.25,1.00
2016.07.05 16:46:44.835,9.31073,9.31486,2.25,1.07
2016.07.05 16:47:04.004,9.31091,9.31535,1.75,1.75
2016.07.05 16:47:04.908,9.31091,9.31535,1.75,1.75
2016.07.05 16:47:05.212,9.31091,9.31535,1.75,1.75
2016.07.05 16:47:27.446,9.31132,9.31571,1.75,1.75
2016.07.05 16:47:28.223,9.31175,9.31599,1.75,1.00
2016.07.05 16:47:28.325,9.31175,9.31626,1.75,1.07
2016.07.05 16:47:28.650,9.31175,9.31627,1.37,1.75
2016.07.05 16:47:35.112,9.31175,9.31546,1.37,1.00
2016.07.05 16:47:37.717,9.31175,9.31556,1.37,1.07
2016.07.05 16:47:38.420,9.31175,9.31546,1.37,1.00
2016.07.05 16:47:39.119,9.31176,9.31556,1.37,1.07
2016.07.05 16:47:41.441,9.31176,9.31546,1.37,1.00
2016.07.05 16:47:43.148,9.31176,9.31556,1.37,1.07
2016.07.05 16:47:52.150,9.31176,9.31547,1.37,1.00
2016.07.05 16:47:53.490,9.31132,9.31546,1.75,1.00
2016.07.05 16:47:53.889,9.31132,9.31536,1.75,1.00
2016.07.05 16:47:54.265,9.31132,9.31526,1.75,1.00
2016.07.05 16:47:55.242,9.31132,9.31516,1.75,1.00
2016.07.05 16:47:56.194,9.31132,9.31506,1.75,1.00
2016.07.05 16:47:57.162,9.31132,9.31496,1.75,1.00
2016.07.05 16:48:01.387,9.31132,9.31516,1.75,1.00
2016.07.05 16:48:01.710,9.31132,9.31506,1.75,1.00
2016.07.05 16:48:02.782,9.31132,9.31506,1.75,1.00
2016.07.05 16:48:03.978,9.31132,9.31496,1.75,1.00
2016.07.05 16:48:04.419,9.31132,9.31506,1.75,1.00
2016.07.05 16:48:05.422,9.31132,9.31516,1.75,1.10
2016.07.05 16:48:05.795,9.31132,9.31506,1.75,1.00
2016.07.05 16:48:08.185,9.31132,9.31496,1.75,1.00
2016.07.05 16:48:10.505,9.31132,9.31506,1.75,1.00
2016.07.05 16:48:11.338,9.31132,9.31496,1.75,1.00
2016.07.05 16:48:12.232,9.31084,9.31496,1.75,1.37
2016.07.05 16:48:13.911,9.31084,9.31477,1.75,1.00
2016.07.05 16:48:18.334,9.31084,9.31466,1.75,1.00
2016.07.05 16:48:19.655,9.31084,9.31476,1.75,1.00
2016.07.05 16:48:19.711,9.31084,9.31486,1.75,1.07
2016.07.05 16:48:20.004,9.31084,9.31486,1.75,1.37
2016.07.05 16:48:20.315,9.31084,9.31486,1.75,1.75
2016.07.05 16:48:35.325,9.31056,9.31456,1.75,1.07
2016.07.05 16:49:02.543,9.31056,9.31446,1.75,1.07
2016.07.05 16:49:14.476,9.31056,9.31436,1.75,1.00
2016.07.05 16:49:16.093,9.31056,9.31446,1.75,1.07
2016.07.05 16:49:17.075,9.31056,9.31436,1.75,1.00
2016.07.05 16:49:20.514,9.31056,9.31446,1.75,1.07
2016.07.05 16:49:53.459,9.31056,9.31436,1.75,1.00
2016.07.05 16:49:53.763,9.31056,9.31446,1.75,1.07
2016.07.05 16:50:29.732,9.31056,9.31487,1.75,1.75
2016.07.05 16:50:30.530,9.31056,9.31487,1.75,1.75
2016.07.05 16:51:28.041,9.31097,9.31528,1.75,1.75
2016.07.05 16:51:29.583,9.31174,9.31552,1.00,1.75
2016.07.05 16:51:39.067,9.31164,9.31552,1.00,2.25
2016.07.05 16:51:39.346,9.31174,9.31552,1.00,2.25
2016.07.05 16:51:40.575,9.31154,9.31552,1.10,2.25
2016.07.05 16:51:42.175,9.31174,9.31552,1.00,2.25
2016.07.05 16:51:44.553,9.31154,9.31552,1.10,1.75
2016.07.05 16:51:48.082,9.31164,9.31552,1.00,1.75
2016.07.05 16:51:54.962,9.31154,9.31556,1.10,1.35
2016.07.05 16:51:56.479,9.31163,9.31556,1.00,1.35
2016.07.05 16:51:56.814,9.31174,9.31556,1.00,1.35
2016.07.05 16:51:58.191,9.31153,9.31556,1.07,1.35
2016.07.05 16:51:58.866,9.31164,9.31556,1.00,1.35
2016.07.05 16:52:00.872,9.31164,9.31556,1.00,1.35
2016.07.05 16:52:01.777,9.31154,9.31556,1.10,1.35
2016.07.05 16:52:02.104,9.31164,9.31556,1.00,1.35
2016.07.05 16:52:03.344,9.31154,9.31556,1.10,1.35
2016.07.05 16:52:04.003,9.31174,9.31556,1.00,1.35
2016.07.05 16:52:05.807,9.31154,9.31556,1.10,1.35
2016.07.05 16:52:08.308,9.31174,9.31556,1.00,1.35
2016.07.05 16:52:10.643,9.31154,9.31556,1.10,1.35
2016.07.05 16:52:11.720,9.31174,9.31556,1.00,1.35
2016.07.05 16:52:14.345,9.31164,9.31556,1.00,1.35
2016.07.05 16:52:14.573,9.31174,9.31556,1.00,1.35
2016.07.05 16:52:16.828,9.31164,9.31556,1.00,1.35
2016.07.05 16:52:17.528,9.31154,9.31556,1.10,1.35
2016.07.05 16:52:19.331,9.31174,9.31556,1.00,1.35
2016.07.05 16:52:19.531,9.31154,9.31556,1.10,1.35
2016.07.05 16:52:20.382,9.31164,9.31556,1.00,1.35
2016.07.05 16:52:23.284,9.31154,9.31556,1.10,1.35
2016.07.05 16:52:23.702,9.31163,9.31556,1.00,1.35
2016.07.05 16:52:24.439,9.31154,9.31556,1.10,1.35
2016.07.05 16:52:25.584,9.31164,9.31563,1.00,1.35
2016.07.05 16:52:26.862,9.31154,9.31563,1.10,1.35
2016.07.05 16:52:28.084,9.31174,9.31563,1.00,1.35
2016.07.05 16:52:31.979,9.31154,9.31563,1.10,1.35
2016.07.05 16:52:32.353,9.31163,9.31557,1.00,1.35
2016.07.05 16:52:36.367,9.31154,9.31557,1.10,1.35
2016.07.05 16:52:36.956,9.31164,9.31557,1.00,1.35
2016.07.05 16:52:37.471,9.31154,9.31557,1.10,1.35
2016.07.05 16:52:44.198,9.31163,9.31562,1.00,1.35
2016.07.05 16:52:44.564,9.31154,9.31562,1.10,1.35
2016.07.05 16:52:44.964,9.31164,9.31562,1.00,1.35
2016.07.05 16:52:47.267,9.31154,9.31562,1.10,1.35
2016.07.05 16:52:55.637,9.31164,9.31552,1.00,1.75
2016.07.05 16:52:55.811,9.31154,9.31552,1.10,1.75
2016.07.05 16:52:56.346,9.31164,9.31552,1.00,1.75
2016.07.05 16:52:57.324,9.31154,9.31556,1.10,1.35
2016.07.05 16:52:59.523,9.31164,9.31565,1.00,1.35
2016.07.05 16:52:59.625,9.31154,9.31565,1.10,1.35
2016.07.05 16:53:00.527,9.3118,9.31571,1.00,1.35
2016.07.05 16:53:00.790,9.3118,9.31571,1.00,1.35
2016.07.05 16:53:01.115,9.3118,9.31596,1.37,1.35
2016.07.05 16:53:01.328,9.3118,9.31563,1.00,1.67
2016.07.05 16:53:01.994,9.3118,9.31611,1.75,1.60
2016.07.05 16:53:02.045,9.31211,9.31639,1.37,1.37
2016.07.05 16:53:02.664,9.31211,9.31639,1.37,1.75
2016.07.05 16:53:02.981,9.31211,9.31639,1.75,1.75
2016.07.05 16:53:08.592,9.31211,9.3165,1.37,1.35
2016.07.05 16:54:06.838,9.31264,9.31635,1.00,1.75
2016.07.05 16:54:10.342,9.31274,9.31635,1.00,1.75
2016.07.05 16:54:11.944,9.31254,9.31635,1.00,1.75
2016.07.05 16:54:15.395,9.31244,9.31641,1.00,1.75
2016.07.05 16:54:15.849,9.31254,9.31641,1.00,1.75
2016.07.05 16:54:16.049,9.31244,9.31641,1.00,1.75
2016.07.05 16:54:16.681,9.31234,9.31641,1.07,1.75
2016.07.05 16:54:19.890,9.31244,9.31641,1.00,1.75
2016.07.05 16:54:27.105,9.3121,9.31641,1.50,1.75
2016.07.05 16:54:27.156,9.3121,9.31641,1.75,1.75
2016.07.05 16:54:28.121,9.31223,9.31641,1.37,1.75
2016.07.05 16:54:28.370,9.3121,9.31633,1.07,1.75
2016.07.05 16:54:29.135,9.3121,9.31641,1.75,1.00
2016.07.05 16:54:29.338,9.3121,9.31641,1.37,1.75
2016.07.05 16:54:47.145,9.31211,9.31635,1.75,1.75
2016.07.05 16:54:47.448,9.31211,9.31635,1.75,1.75
2016.07.05 16:54:47.753,9.31249,9.31663,1.75,1.75
2016.07.05 16:54:48.457,9.31249,9.31694,1.37,1.75
2016.07.05 16:54:50.132,9.31249,9.31677,1.07,1.75
2016.07.05 16:54:56.823,9.31249,9.31668,1.07,1.00
2016.07.05 16:55:01.343,9.31249,9.31668,1.75,1.00
2016.07.05 16:55:01.546,9.3129,9.31701,1.00,1.60
2016.07.05 16:55:01.834,9.3129,9.31701,1.00,1.60
2016.07.05 16:55:01.885,9.3129,9.31733,1.75,1.60
2016.07.05 16:55:02.037,9.31359,9.31734,1.00,1.00
2016.07.05 16:55:02.139,9.31359,9.31734,1.75,1.00
2016.07.05 16:55:02.244,9.31359,9.31776,1.75,1.00
2016.07.05 16:55:02.295,9.31404,9.31776,1.00,1.00
2016.07.05 16:55:02.548,9.31404,9.31796,1.00,1.50
2016.07.05 16:55:02.650,9.31404,9.31787,1.00,1.00
2016.07.05 16:55:02.954,9.31445,9.31806,1.00,1.00
2016.07.05 16:55:03.268,9.31445,9.31797,1.00,1.00
2016.07.05 16:55:03.542,9.31402,9.31797,1.37,1.00
2016.07.05 16:55:03.648,9.31402,9.31786,1.37,1.00
2016.07.05 16:55:04.112,9.31402,9.31776,1.37,1.00
2016.07.05 16:55:04.914,9.31402,9.31766,1.37,1.00
2016.07.05 16:55:05.952,9.31402,9.31757,1.37,1.00
2016.07.05 16:55:06.311,9.31402,9.31746,1.37,1.00
2016.07.05 16:55:06.792,9.31402,9.31736,1.37,1.00
2016.07.05 16:55:07.834,9.31402,9.31726,1.37,1.00
2016.07.05 16:55:08.534,9.31402,9.31736,1.37,1.00
2016.07.05 16:55:09.570,9.31402,9.31746,1.37,1.00
2016.07.05 16:55:10.674,9.31402,9.31756,1.37,1.00
2016.07.05 16:55:13.080,9.31402,9.31766,1.37,1.00
2016.07.05 16:55:14.283,9.31402,9.31756,1.37,1.00
2016.07.05 16:55:14.594,9.31402,9.31766,1.37,1.00
2016.07.05 16:55:15.386,9.31402,9.31756,1.37,1.00
2016.07.05 16:55:16.088,9.31402,9.31746,1.37,1.00
2016.07.05 16:55:16.787,9.31402,9.31756,1.37,1.00
2016.07.05 16:55:16.989,9.31402,9.31746,1.37,1.00
2016.07.05 16:55:17.191,9.31402,9.31756,1.37,1.00
2016.07.05 16:55:18.067,9.31402,9.31746,1.37,1.00
2016.07.05 16:55:20.490,9.31402,9.31736,1.37,1.00
2016.07.05 16:55:21.142,9.31402,9.31736,1.00,1.00
2016.07.05 16:55:21.703,9.31402,9.31746,1.00,1.00
2016.07.05 16:55:22.205,9.31402,9.31766,1.00,1.00
2016.07.05 16:55:23.939,9.31402,9.31756,1.00,1.00
2016.07.05 16:55:24.413,9.31402,9.31766,1.00,1.00
2016.07.05 16:55:25.415,9.31402,9.31756,1.00,1.00
2016.07.05 16:55:25.917,9.31402,9.31746,1.00,1.00
2016.07.05 16:55:26.630,9.31402,9.31756,1.07,1.00
2016.07.05 16:55:26.834,9.31402,9.31746,1.07,1.00
2016.07.05 16:55:27.449,9.31402,9.31736,1.07,1.00
2016.07.05 16:55:28.374,9.31402,9.31726,1.07,1.00
2016.07.05 16:55:29.656,9.31402,9.31746,1.07,1.00
2016.07.05 16:55:30.796,9.31402,9.31736,1.07,1.00
2016.07.05 16:55:31.369,9.31402,9.31736,1.75,1.00
2016.07.05 16:55:32.188,9.31402,9.31746,1.75,1.00
2016.07.05 16:55:32.390,9.31402,9.31757,1.75,1.00
2016.07.05 16:55:34.572,9.31402,9.31756,1.75,1.00
2016.07.05 16:55:35.192,9.31411,9.31776,1.75,1.00
2016.07.05 16:55:35.383,9.31411,9.31766,1.75,1.00
2016.07.05 16:55:36.594,9.31411,9.31777,1.75,1.00
2016.07.05 16:55:36.900,9.31411,9.31806,1.75,1.00
2016.07.05 16:55:37.205,9.31452,9.31826,1.75,1.00
2016.07.05 16:55:37.647,9.31452,9.31816,1.75,1.00
2016.07.05 16:55:37.898,9.31452,9.31816,1.75,1.00
2016.07.05 16:55:38.094,9.31452,9.31816,1.10,1.00
2016.07.05 16:55:39.952,9.31452,9.31806,1.10,1.00
2016.07.05 16:55:41.162,9.31452,9.31796,1.10,1.00
2016.07.05 16:55:41.932,9.31452,9.31806,1.10,1.00
2016.07.05 16:55:42.021,9.31452,9.31816,1.10,1.00
2016.07.05 16:55:43.171,9.31452,9.31806,1.10,1.00
2016.07.05 16:55:43.854,9.31452,9.31826,1.10,1.00
2016.07.05 16:55:43.956,9.31452,9.31836,1.10,1.00
2016.07.05 16:55:44.356,9.31452,9.31826,1.10,1.00
2016.07.05 16:55:46.367,9.31452,9.31816,1.10,1.00
2016.07.05 16:55:48.572,9.31452,9.31806,1.10,1.00
2016.07.05 16:55:48.673,9.31452,9.31816,1.10,1.00
2016.07.05 16:55:49.274,9.31452,9.31806,1.10,1.00
2016.07.05 16:55:49.901,9.31452,9.31816,1.10,1.00
2016.07.05 16:55:50.883,9.31452,9.31806,1.10,1.00
2016.07.05 16:55:54.097,9.31452,9.31796,1.10,1.00
2016.07.05 16:55:54.541,9.31452,9.31806,1.75,1.00
2016.07.05 16:55:54.845,9.31453,9.31816,1.75,1.00
2016.07.05 16:55:56.622,9.31453,9.31806,1.75,1.00
2016.07.05 16:55:56.968,9.31453,9.31806,1.75,1.00
2016.07.05 16:55:57.473,9.31452,9.31826,1.75,1.00
2016.07.05 16:55:57.642,9.31452,9.31836,1.75,1.00
2016.07.05 16:55:58.527,9.31452,9.31826,1.75,1.00
2016.07.05 16:55:59.051,9.31452,9.31836,1.75,1.00
2016.07.05 16:55:59.332,9.31452,9.31846,1.75,1.00
2016.07.05 16:56:00.237,9.31452,9.31836,1.75,1.00
2016.07.05 16:56:00.435,9.31452,9.31846,1.75,1.00
2016.07.05 16:56:01.671,9.31452,9.31836,1.75,1.00
2016.07.05 16:56:03.047,9.31452,9.31846,1.75,1.00
2016.07.05 16:56:04.880,9.31452,9.31857,1.75,1.00
2016.07.05 16:56:08.200,9.31452,9.31846,1.75,1.00
2016.07.05 16:56:10.608,9.31452,9.31856,1.75,1.00
2016.07.05 16:56:10.909,9.31452,9.31846,1.75,1.00
2016.07.05 16:56:11.910,9.31452,9.31836,1.75,1.00
2016.07.05 16:56:13.782,9.31452,9.31826,1.75,1.00
2016.07.05 16:56:14.602,9.31452,9.31836,1.75,1.00
2016.07.05 16:56:16.620,9.31452,9.31846,1.75,1.00
2016.07.05 16:56:18.928,9.31452,9.31846,1.10,1.00
2016.07.05 16:56:21.903,9.31452,9.31836,1.10,1.00
2016.07.05 16:56:24.608,9.31452,9.31826,1.10,1.00
2016.07.05 16:56:25.959,9.31452,9.31816,1.10,1.00
2016.07.05 16:56:26.430,9.31452,9.31806,1.00,1.00
2016.07.05 16:56:27.205,9.31452,9.31796,1.00,1.00
2016.07.05 16:56:27.256,9.31414,9.31796,1.07,1.00
2016.07.05 16:56:27.835,9.31414,9.31796,1.00,1.00
2016.07.05 16:56:28.039,9.31414,9.31786,1.00,1.00
2016.07.05 16:56:28.440,9.31414,9.31816,1.00,1.07
2016.07.05 16:56:28.491,9.31374,9.31816,1.07,1.07
2016.07.05 16:56:28.921,9.31374,9.31806,1.07,1.00
2016.07.05 16:56:31.198,9.31374,9.31806,1.75,1.07
2016.07.05 16:56:31.881,9.31374,9.31806,1.07,1.07
2016.07.05 16:56:32.142,9.31374,9.31796,1.07,1.00
2016.07.05 16:56:33.182,9.31374,9.31786,1.07,1.00
2016.07.05 16:56:34.134,9.31374,9.31776,1.07,1.00
2016.07.05 16:56:36.647,9.31374,9.31766,1.07,1.00
2016.07.05 16:56:39.064,9.31374,9.31756,1.07,1.00
2016.07.05 16:56:44.901,9.31374,9.31766,1.07,1.00
2016.07.05 16:56:46.862,9.31374,9.31776,1.07,1.00
2016.07.05 16:56:51.093,9.31374,9.31816,1.07,1.12
