2011.03.14 17:00:00.903,7.84188,7.84369,1.04,1.50
2011.03.14 17:00:02.304,7.84165,7.84369,1.04,1.50
2011.03.14 17:00:06.214,7.84165,7.84372,1.04,1.50
2011.03.14 17:00:06.890,7.84165,7.84376,1.04,1.50
2011.03.14 17:00:10.600,7.84165,7.84417,1.04,1.50
2011.03.14 17:00:51.932,7.84368,7.84424,0.94,1.50
2011.03.14 17:00:52.041,7.84293,7.84417,4.50,1.50
2011.03.14 17:00:52.262,7.84293,7.84417,4.50,0.75
2011.03.14 17:00:52.372,7.84293,7.84537,4.50,1.50
2011.03.14 17:00:52.482,7.84293,7.84444,3.75,0.94
2011.03.14 17:00:52.593,7.84277,7.84457,1.28,4.69
2011.03.14 17:00:53.896,7.84285,7.84437,1.04,4.69
2011.03.14 17:01:05.743,7.84285,7.84382,1.04,2.25
2011.03.14 17:01:05.887,7.8426,7.84352,1.04,3.75
2011.03.14 17:01:06.002,7.84123,7.84352,1.04,3.75
2011.03.14 17:02:07.016,7.84143,7.84377,1.04,1.05
2011.03.14 17:02:55.952,7.84143,7.84382,1.04,3.00
2011.03.14 17:03:50.867,7.84143,7.84382,1.04,3.00
2011.03.14 17:04:45.754,7.84143,7.84382,1.04,3.00
2011.03.14 17:05:15.100,7.84143,7.84336,1.04,1.50
2011.03.14 17:05:16.308,7.84143,7.84312,1.04,1.50
2011.03.14 17:05:16.528,7.84143,7.84319,1.04,1.50
2011.03.14 17:05:19.428,7.84143,7.84287,1.04,1.69
2011.03.14 17:05:19.762,7.84092,7.84228,1.04,1.50
2011.03.14 17:05:19.988,7.84053,7.84228,1.23,1.50
2011.03.14 17:05:23.131,7.84053,7.84212,1.23,1.50
2011.03.14 17:05:23.949,7.84047,7.84217,1.79,1.50
2011.03.14 17:05:24.059,7.84047,7.84217,1.04,1.50
2011.03.14 17:05:44.648,7.84047,7.84229,1.04,1.50
2011.03.14 17:05:56.407,7.84047,7.84228,1.04,1.50
2011.03.14 17:06:05.202,7.84047,7.84283,1.04,4.50
2011.03.14 17:06:16.039,7.84102,7.84293,3.94,1.50
2011.03.14 17:06:16.149,7.84102,7.84293,3.94,1.50
2011.03.14 17:06:16.368,7.84097,7.84299,3.94,1.50
2011.03.14 17:06:16.919,7.84097,7.84304,3.75,1.50
2011.03.14 17:06:17.030,7.84117,7.84308,3.75,1.50
2011.03.14 17:06:17.360,7.84097,7.84308,3.75,1.50
2011.03.14 17:06:17.579,7.84097,7.84312,3.75,1.50
2011.03.14 17:06:17.799,7.84118,7.84312,3.75,1.50
2011.03.14 17:06:18.021,7.84118,7.84316,3.75,1.50
2011.03.14 17:06:18.129,7.84098,7.84316,3.75,1.50
2011.03.14 17:06:18.239,7.84098,7.84318,3.75,1.50
2011.03.14 17:06:18.571,7.84117,7.84318,3.75,1.50
2011.03.14 17:06:18.955,7.84102,7.84324,3.75,1.50
2011.03.14 17:06:19.291,7.84117,7.84324,3.75,1.50
2011.03.14 17:06:19.410,7.84117,7.84324,3.75,1.50
2011.03.14 17:06:19.519,7.84103,7.84328,3.75,1.50
2011.03.14 17:06:19.629,7.84103,7.84328,3.75,1.50
2011.03.14 17:06:19.958,7.84118,7.84334,3.75,1.50
2011.03.14 17:06:20.068,7.84118,7.84334,3.75,1.50
2011.03.14 17:06:20.289,7.84102,7.84337,4.04,1.50
2011.03.14 17:06:20.507,7.84102,7.84337,4.04,1.50
2011.03.14 17:06:21.071,7.84117,7.84337,3.75,1.50
2011.03.14 17:06:21.180,7.84117,7.8434,3.75,1.50
2011.03.14 17:06:21.292,7.84108,7.8434,4.04,1.50
2011.03.14 17:06:21.409,7.84108,7.84341,4.04,1.50
2011.03.14 17:06:21.860,7.84117,7.84345,3.75,1.50
2011.03.14 17:06:21.969,7.84117,7.84345,3.75,1.50
2011.03.14 17:06:22.191,7.84108,7.84347,4.04,1.50
2011.03.14 17:06:22.651,7.84118,7.84349,4.04,1.50
2011.03.14 17:06:22.868,7.84108,7.84351,4.04,1.50
2011.03.14 17:06:23.480,7.84107,7.84352,4.04,1.50
2011.03.14 17:06:23.699,7.84107,7.84353,4.04,1.50
2011.03.14 17:06:27.789,7.84107,7.84356,4.04,1.50
2011.03.14 17:06:28.118,7.84108,7.84356,4.04,1.50
2011.03.14 17:06:28.669,7.84117,7.84358,4.04,1.50
2011.03.14 17:06:28.889,7.84108,7.8436,4.04,1.50
2011.03.14 17:06:29.679,7.84118,7.84361,4.04,1.50
2011.03.14 17:06:30.199,7.84112,7.84361,4.04,1.50
2011.03.14 17:06:30.529,7.84112,7.84364,4.79,1.50
2011.03.14 17:06:31.529,7.84117,7.84366,4.04,1.50
2011.03.14 17:06:31.749,7.84113,7.84367,4.79,5.25
2011.03.14 17:06:34.022,7.84115,7.84367,1.04,5.25
2011.03.14 17:06:34.699,7.84118,7.84368,4.04,1.50
2011.03.14 17:06:35.230,7.84116,7.84368,1.04,4.50
2011.03.14 17:06:35.561,7.84118,7.84368,1.04,4.50
2011.03.14 17:06:36.241,7.84118,7.84372,1.04,1.50
2011.03.14 17:06:36.789,7.84119,7.84368,1.04,4.50
2011.03.14 17:06:37.559,7.84121,7.84373,1.04,5.25
2011.03.14 17:06:38.529,7.84121,7.84368,1.04,4.50
2011.03.14 17:06:40.729,7.84121,7.84373,1.04,4.50
2011.03.14 17:06:41.749,7.84119,7.84367,1.04,4.50
2011.03.14 17:06:43.830,7.84119,7.84367,1.04,4.50
2011.03.14 17:06:45.527,7.84119,7.84371,1.04,1.50
2011.03.14 17:06:47.098,7.84117,7.84369,4.79,1.50
2011.03.14 17:07:02.200,7.84115,7.84368,1.04,4.50
2011.03.14 17:07:27.750,7.84197,7.84369,0.75,1.50
2011.03.14 17:07:27.969,7.84177,7.84396,1.04,3.75
2011.03.14 17:07:28.079,7.84177,7.84426,1.04,1.50
2011.03.14 17:07:28.600,7.84196,7.84441,1.04,2.25
2011.03.14 17:07:28.710,7.84198,7.84444,3.94,1.50
2011.03.14 17:08:09.260,7.84218,7.84461,4.23,1.50
2011.03.14 17:08:11.218,7.84218,7.84465,4.23,1.50
2011.03.14 17:08:24.690,7.84208,7.84439,4.04,1.50
2011.03.14 17:08:25.018,7.84187,7.844,3.94,1.50
2011.03.14 17:08:27.729,7.84168,7.84338,2.54,3.75
2011.03.14 17:08:28.059,7.84125,7.84327,1.04,4.50
2011.03.14 17:08:28.279,7.84097,7.84318,1.04,1.50
2011.03.14 17:08:33.562,7.84097,7.84225,1.04,0.75
2011.03.14 17:08:33.789,7.84048,7.84267,1.04,3.75
2011.03.14 17:08:33.898,7.84048,7.84222,1.04,2.25
2011.03.14 17:08:34.229,7.84048,7.84168,0.75,3.75
2011.03.14 17:09:33.710,7.83926,7.84148,1.04,3.75
2011.03.14 17:09:34.176,7.83926,7.84182,1.04,3.00
2011.03.14 17:09:38.898,7.83946,7.84102,1.04,0.94
2011.03.14 17:09:39.010,7.83858,7.84008,2.25,1.50
2011.03.14 17:09:39.120,7.83813,7.83972,1.04,3.75
2011.03.14 17:09:39.450,7.83918,7.84091,1.69,3.75
2011.03.14 17:09:39.949,7.83918,7.84116,1.69,3.75
2011.03.14 17:09:40.058,7.83918,7.84162,1.69,1.50
2011.03.14 17:10:33.028,7.83938,7.84147,1.69,2.25
2011.03.14 17:10:33.140,7.83938,7.84147,1.69,1.50
2011.03.14 17:10:33.730,7.83935,7.84168,1.69,4.50
2011.03.14 17:10:33.840,7.83935,7.84168,1.69,4.50
2011.03.14 17:10:34.248,7.83988,7.84188,4.50,0.75
2011.03.14 17:10:34.364,7.83998,7.84252,4.50,4.50
2011.03.14 17:11:08.272,7.84092,7.84274,4.69,1.50
2011.03.14 17:11:08.389,7.84092,7.84346,4.69,4.50
2011.03.14 17:11:08.500,7.84092,7.84323,4.69,1.50
2011.03.14 17:11:10.559,7.84083,7.84336,4.69,1.50
2011.03.14 17:11:11.843,7.84083,7.84337,4.69,3.75
2011.03.14 17:11:27.945,7.84083,7.84323,4.69,1.50
2011.03.14 17:11:28.455,7.84083,7.8429,4.69,1.50
2011.03.14 17:11:36.312,7.84083,7.84255,4.69,1.50
2011.03.14 17:11:38.063,7.84083,7.84257,4.69,1.50
2011.03.14 17:11:39.724,7.84083,7.84259,4.69,1.50
2011.03.14 17:11:39.840,7.84083,7.84323,4.69,1.50
2011.03.14 17:11:52.810,7.84083,7.84337,4.69,3.75
2011.03.14 17:11:57.439,7.84114,7.84337,3.94,3.75
2011.03.14 17:11:57.722,7.84268,7.84393,0.75,3.75
2011.03.14 17:11:58.049,7.84268,7.84373,0.75,3.75
2011.03.14 17:11:58.550,7.84268,7.84392,0.75,3.75
2011.03.14 17:11:58.880,7.84288,7.84382,0.75,3.75
2011.03.14 17:11:59.601,7.84288,7.84392,0.75,3.75
2011.03.14 17:11:59.820,7.84288,7.84387,0.75,3.75
2011.03.14 17:12:00.571,7.84288,7.84393,0.75,3.75
2011.03.14 17:12:00.791,7.84288,7.84387,0.75,3.75
2011.03.14 17:12:01.250,7.84288,7.84393,0.75,3.75
2011.03.14 17:12:01.944,7.84288,7.84388,0.75,3.75
2011.03.14 17:12:02.429,7.84288,7.84393,0.75,3.75
2011.03.14 17:12:03.480,7.84288,7.84388,0.75,3.75
2011.03.14 17:12:03.699,7.84288,7.84392,0.75,3.75
2011.03.14 17:12:15.110,7.84343,7.84392,0.75,3.75
2011.03.14 17:12:15.440,7.84378,7.84652,1.50,1.50
2011.03.14 17:12:15.549,7.84358,7.84618,1.22,1.69
2011.03.14 17:12:15.879,7.84348,7.84523,0.75,3.75
2011.03.14 17:12:16.321,7.84348,7.84518,0.75,3.75
2011.03.14 17:12:16.651,7.84398,7.84548,0.75,1.50
2011.03.14 17:12:16.762,7.84398,7.84552,0.75,3.75
2011.03.14 17:12:17.056,7.84398,7.84547,0.75,3.75
2011.03.14 17:12:17.390,7.84398,7.84572,0.75,3.75
2011.03.14 17:12:17.613,7.84398,7.84562,0.75,3.75
2011.03.14 17:12:18.000,7.84398,7.84578,0.75,3.75
2011.03.14 17:12:18.660,7.84398,7.84567,0.75,3.75
2011.03.14 17:12:18.881,7.84398,7.84578,0.75,3.75
2011.03.14 17:12:19.100,7.84398,7.84567,0.75,3.75
2011.03.14 17:12:19.900,7.84398,7.84577,0.75,3.75
2011.03.14 17:12:20.119,7.84398,7.84573,0.75,3.75
2011.03.14 17:12:20.559,7.84393,7.84621,4.50,1.50
2011.03.14 17:12:20.779,7.84397,7.84653,4.50,4.50
2011.03.14 17:12:22.770,7.84397,7.84602,3.75,3.94
2011.03.14 17:12:22.879,7.84337,7.84578,1.23,3.75
2011.03.14 17:12:30.719,7.84334,7.84527,1.23,3.75
2011.03.14 17:12:31.049,7.84297,7.84503,1.50,4.50
2011.03.14 17:13:01.779,7.84298,7.84527,3.94,3.75
2011.03.14 17:13:01.890,7.84298,7.84552,3.94,4.50
2011.03.14 17:13:02.110,7.84298,7.84552,3.94,4.50
2011.03.14 17:13:16.949,7.8439,7.84552,0.94,4.50
2011.03.14 17:13:17.279,7.84352,7.84582,3.75,4.69
2011.03.14 17:13:17.390,7.84324,7.84557,1.23,4.69
2011.03.14 17:13:26.301,7.84297,7.84502,1.23,4.69
2011.03.14 17:13:32.770,7.84248,7.84483,3.75,2.44
2011.03.14 17:13:32.879,7.84228,7.84453,1.04,3.75
2011.03.14 17:13:32.991,7.84206,7.84453,1.69,3.75
2011.03.14 17:13:33.100,7.84205,7.84427,1.23,3.75
2011.03.14 17:13:34.340,7.84199,7.84432,1.69,3.75
2011.03.14 17:14:33.771,7.84178,7.84432,4.69,3.75
2011.03.14 17:14:35.586,7.84157,7.84462,2.54,1.05
2011.03.14 17:14:38.300,7.84157,7.84463,2.54,3.00
2011.03.14 17:18:09.317,7.84157,7.84463,2.54,3.00
2011.03.14 17:18:14.368,7.84157,7.84377,2.54,0.75
2011.03.14 17:18:14.700,7.84194,7.84337,1.69,3.75
2011.03.14 17:18:14.810,7.84172,7.84352,4.69,2.79
2011.03.14 17:18:15.029,7.84172,7.84428,4.69,4.69
2011.03.14 17:19:14.781,7.84148,7.8443,2.25,1.50
2011.03.14 17:20:04.997,7.84148,7.84431,2.25,1.50
2011.03.14 17:20:47.799,7.84148,7.84369,2.25,1.50
2011.03.14 17:20:56.570,7.84148,7.84452,2.25,3.00
2011.03.14 17:20:57.386,7.84148,7.84452,2.54,3.00
2011.03.14 17:21:51.509,7.84178,7.84432,3.75,3.75
2011.03.14 17:21:52.011,7.84257,7.84432,0.75,3.75
2011.03.14 17:22:30.949,7.84222,7.84452,4.69,2.25
2011.03.14 17:22:31.059,7.84222,7.84472,4.69,1.50
2011.03.14 17:22:31.169,7.84308,7.84478,0.75,4.50
2011.03.14 17:22:31.279,7.84308,7.84478,0.75,3.75
2011.03.14 17:22:31.389,7.84308,7.84492,0.75,3.75
2011.03.14 17:23:01.060,7.84308,7.84405,0.75,1.50
2011.03.14 17:23:30.979,7.84308,7.84404,0.75,1.50
2011.03.14 17:23:31.144,7.84238,7.84404,3.75,1.50
2011.03.14 17:23:31.353,7.84207,7.84404,2.54,1.50
2011.03.14 17:23:35.046,7.84207,7.84405,2.54,1.50
2011.03.14 17:23:38.435,7.84188,7.84354,4.50,1.50
2011.03.14 17:23:38.552,7.8421,7.84345,1.69,1.50
2011.03.14 17:23:43.303,7.8421,7.84353,1.69,1.50
2011.03.14 17:23:44.182,7.8421,7.84351,1.69,1.50
2011.03.14 17:23:54.410,7.8421,7.84353,1.69,1.50
2011.03.14 17:24:06.290,7.8421,7.84352,1.69,1.50
2011.03.14 17:24:10.591,7.8421,7.84351,1.69,1.50
2011.03.14 17:24:12.903,7.8421,7.84427,1.69,3.94
2011.03.14 17:25:34.607,7.84277,7.84452,0.75,3.00
2011.03.14 17:25:34.828,7.84277,7.84478,0.75,3.75
2011.03.14 17:26:23.663,7.84297,7.84473,0.75,3.75
2011.03.14 17:26:35.076,7.84217,7.84473,3.75,3.75
2011.03.14 17:27:15.071,7.84217,7.84473,4.50,3.75
2011.03.14 17:27:19.909,7.84217,7.84473,4.50,3.75
2011.03.14 17:27:23.579,7.84222,7.84478,4.50,3.75
2011.03.14 17:27:23.689,7.84227,7.84483,4.50,3.75
2011.03.14 17:28:20.469,7.84227,7.84483,3.75,3.75
2011.03.14 17:28:23.723,7.84197,7.84503,2.54,2.40
2011.03.14 17:28:25.628,7.84197,7.84503,2.54,2.25
2011.03.14 17:29:51.161,7.84197,7.84503,2.54,2.40
2011.03.14 17:29:51.271,7.84188,7.84402,1.04,2.25
2011.03.14 17:29:51.383,7.84154,7.84402,1.04,2.25
2011.03.14 17:29:51.501,7.8413,7.84382,1.04,3.75
2011.03.14 17:29:51.610,7.84125,7.84382,1.04,3.75
2011.03.14 17:29:51.721,7.84103,7.84377,4.23,3.75
2011.03.14 17:29:52.461,7.84165,7.84357,1.50,3.75
2011.03.14 17:29:53.991,7.84273,7.84382,0.94,2.25
2011.03.14 17:29:54.210,7.84285,7.84478,1.50,4.69
2011.03.14 17:30:01.484,7.84303,7.84478,1.50,4.69
2011.03.14 17:30:02.049,7.84304,7.84478,1.50,4.69
2011.03.14 17:30:03.061,7.84325,7.84478,1.50,3.75
2011.03.14 17:30:03.390,7.84325,7.84512,1.50,3.75
2011.03.14 17:30:06.981,7.84316,7.84512,1.50,3.75
2011.03.14 17:30:07.091,7.84314,7.84512,1.50,3.75
2011.03.14 17:30:07.457,7.84318,7.84512,1.50,3.75
2011.03.14 17:30:07.862,7.84315,7.84512,1.50,3.75
2011.03.14 17:30:08.521,7.84309,7.84512,1.50,3.75
2011.03.14 17:30:08.920,7.84307,7.84512,1.50,3.75
2011.03.14 17:30:09.031,7.84285,7.84477,1.50,3.75
2011.03.14 17:30:15.150,7.84223,7.84477,4.69,3.75
2011.03.14 17:30:15.260,7.84223,7.84455,3.75,1.69
2011.03.14 17:30:15.372,7.84142,7.84396,4.04,3.75
2011.03.14 17:30:15.591,7.84157,7.84413,4.23,3.75
2011.03.14 17:30:22.420,7.84008,7.84193,1.20,1.26
2011.03.14 17:30:22.531,7.84008,7.84453,1.20,3.75
2011.03.14 17:30:23.148,7.84121,7.84453,1.50,3.75
2011.03.14 17:30:23.876,7.84122,7.84413,1.50,3.75
2011.03.14 17:30:24.522,7.84221,7.84413,1.50,3.75
2011.03.14 17:30:24.740,7.84232,7.84488,3.75,4.50
2011.03.14 17:30:31.504,7.84197,7.84412,1.50,3.75
2011.03.14 17:30:31.620,7.8416,7.84412,1.23,3.75
2011.03.14 17:30:34.710,7.84158,7.84412,4.04,4.69
2011.03.14 17:30:34.930,7.84117,7.84328,1.50,3.75
2011.03.14 17:30:35.290,7.84108,7.84328,1.50,3.75
2011.03.14 17:30:38.554,7.84093,7.84328,1.50,3.75
2011.03.14 17:30:40.202,7.8408,7.84328,1.69,3.75
2011.03.14 17:30:56.721,7.84072,7.84233,3.75,3.19
2011.03.14 17:30:56.830,7.84022,7.84212,1.69,4.69
2011.03.14 17:30:56.942,7.84012,7.84212,1.23,4.69
2011.03.14 17:30:57.052,7.83987,7.84097,0.75,4.50
2011.03.14 17:30:57.161,7.83867,7.84097,0.75,4.50
2011.03.14 17:30:57.271,7.83907,7.84097,0.94,3.75
2011.03.14 17:30:57.381,7.83907,7.84138,0.94,4.69
2011.03.14 17:30:59.220,7.83964,7.84142,4.69,4.50
2011.03.14 17:30:59.331,7.83964,7.8421,4.69,1.50
2011.03.14 17:31:09.579,7.83978,7.8421,3.75,1.50
2011.03.14 17:31:12.522,7.83978,7.84143,3.75,2.25
2011.03.14 17:31:12.632,7.83887,7.84122,1.04,3.75
2011.03.14 17:31:12.740,7.83868,7.84122,3.75,3.75
2011.03.14 17:31:39.992,7.83998,7.84143,0.94,2.25
2011.03.14 17:31:40.101,7.83998,7.84174,0.94,1.50
2011.03.14 17:31:40.211,7.83998,7.84192,0.94,1.50
2011.03.14 17:31:40.431,7.84047,7.84192,0.75,1.50
2011.03.14 17:31:40.652,7.84019,7.84207,4.50,1.50
2011.03.14 17:32:01.280,7.84039,7.84122,3.75,3.75
2011.03.14 17:32:01.390,7.83848,7.84122,4.23,3.75
2011.03.14 17:32:33.204,7.83868,7.84122,4.69,3.75
2011.03.14 17:33:01.410,7.83878,7.84132,4.50,3.75
2011.03.14 17:33:02.792,7.83999,7.84192,4.69,1.50
2011.03.14 17:33:03.010,7.83999,7.8424,4.69,1.50
2011.03.14 17:33:03.361,7.84034,7.8424,3.94,1.50
2011.03.14 17:33:03.803,7.84061,7.84257,3.75,1.50
2011.03.14 17:33:04.021,7.84061,7.84269,3.75,1.50
2011.03.14 17:33:04.852,7.84063,7.84269,3.75,1.50
2011.03.14 17:33:16.540,7.84073,7.84269,3.75,1.50
2011.03.14 17:33:16.760,7.84073,7.84269,3.75,1.50
2011.03.14 17:34:12.861,7.84067,7.84261,3.75,2.25
2011.03.14 17:34:12.971,7.84067,7.84222,3.75,1.50
2011.03.14 17:34:13.321,7.84062,7.84222,3.75,1.50
2011.03.14 17:34:13.431,7.84062,7.84189,3.75,1.50
2011.03.14 17:34:13.761,7.8406,7.84159,3.75,1.50
2011.03.14 17:34:14.312,7.8406,7.84148,3.75,1.50
2011.03.14 17:34:57.265,7.8406,7.84148,3.75,1.50
2011.03.14 17:34:59.879,7.84036,7.84059,3.75,1.50
2011.03.14 17:34:59.991,7.84036,7.84059,3.75,1.50
2011.03.14 17:35:00.100,7.83764,7.84052,1.04,3.75
2011.03.14 17:35:00.211,7.83758,7.84052,4.04,3.75
2011.03.14 17:35:42.791,7.83882,7.84068,3.75,1.50
2011.03.14 17:35:42.901,7.83882,7.84138,3.75,3.75
2011.03.14 17:35:43.010,7.84107,7.84151,3.75,1.50
2011.03.14 17:35:43.121,7.84107,7.84162,3.75,2.25
2011.03.14 17:35:43.229,7.84107,7.84405,3.75,1.50
2011.03.14 17:35:43.560,7.84132,7.84412,3.75,2.25
2011.03.14 17:35:43.779,7.84132,7.84412,3.75,1.50
2011.03.14 17:35:43.889,7.84132,7.8441,3.75,1.50
2011.03.14 17:35:52.250,7.84172,7.84372,3.75,1.50
2011.03.14 17:36:10.631,7.84172,7.84378,3.75,1.50
2011.03.14 17:36:10.739,7.84172,7.84391,3.75,1.50
2011.03.14 17:36:17.553,7.84172,7.8439,3.75,1.50
2011.03.14 17:36:18.627,7.84172,7.84391,3.75,1.50
2011.03.14 17:36:20.209,7.84172,7.8439,3.75,1.50
2011.03.14 17:36:22.649,7.84172,7.8439,3.75,2.25
2011.03.14 17:36:22.761,7.84147,7.8438,3.75,1.50
2011.03.14 17:36:22.869,7.84147,7.8438,3.75,2.25
2011.03.14 17:37:09.570,7.83977,7.84273,4.69,4.69
2011.03.14 17:37:09.681,7.83977,7.84126,3.75,0.94
2011.03.14 17:37:09.900,7.83942,7.84154,1.04,4.69
2011.03.14 17:37:10.010,7.83864,7.84154,1.69,4.69
2011.03.14 17:37:10.231,7.8386,7.84122,1.04,3.75
2011.03.14 17:37:23.746,7.83848,7.84102,4.04,3.75
2011.03.14 17:38:10.259,7.83846,7.84126,1.04,3.75
2011.03.14 17:38:10.368,7.83846,7.84152,1.04,2.25
2011.03.14 17:39:00.369,7.83847,7.84152,1.04,2.25
2011.03.14 17:40:50.273,7.83848,7.84152,1.79,2.25
2011.03.14 17:41:43.473,7.83952,7.84152,1.50,2.25
2011.03.14 17:41:44.792,7.83968,7.84152,1.50,2.25
2011.03.14 17:41:52.490,7.8396,7.84152,1.50,2.25
2011.03.14 17:41:58.432,7.83953,7.84152,1.50,2.25
2011.03.14 17:41:58.538,7.83935,7.84152,1.50,2.25
2011.03.14 17:42:00.734,7.83998,7.84152,1.50,2.25
2011.03.14 17:42:12.401,7.83998,7.84194,1.50,1.50
2011.03.14 17:43:19.732,7.83848,7.84194,1.79,1.50
2011.03.14 17:43:35.533,7.83868,7.84194,1.79,1.50
2011.03.14 17:43:36.351,7.83882,7.84194,1.50,1.50
2011.03.14 17:43:40.860,7.83879,7.84194,1.50,1.50
2011.03.14 17:43:41.629,7.83883,7.84194,1.50,1.50
2011.03.14 17:43:55.709,7.83885,7.84194,1.50,1.50
2011.03.14 17:43:57.913,7.83883,7.84194,1.50,1.50
2011.03.14 17:44:03.409,7.83881,7.84194,1.50,1.50
2011.03.14 17:44:15.619,7.8386,7.84194,1.79,1.50
2011.03.14 17:44:30.437,7.83861,7.84193,1.79,1.50
2011.03.14 17:44:32.787,7.83873,7.84193,1.50,1.50
2011.03.14 17:44:45.277,7.83874,7.84193,1.50,1.50
2011.03.14 17:44:59.030,7.83888,7.84193,1.50,1.50
2011.03.14 17:45:14.961,7.83887,7.84193,1.50,1.50
2011.03.14 17:45:24.177,7.83903,7.84193,1.50,1.50
2011.03.14 17:45:28.388,7.83903,7.84083,1.50,0.75
2011.03.14 17:45:28.500,7.83846,7.84174,1.04,1.69
2011.03.14 17:45:28.611,7.83846,7.84023,1.04,3.75
2011.03.14 17:45:28.831,7.83797,7.84023,1.50,3.75
2011.03.14 17:45:38.279,7.83793,7.84003,1.50,3.75
2011.03.14 17:45:57.088,7.83791,7.84003,1.50,3.75
2011.03.14 17:46:07.522,7.83854,7.84063,1.50,1.50
2011.03.14 17:46:07.741,7.83854,7.84096,1.50,3.75
2011.03.14 17:46:17.174,7.83854,7.84102,1.50,3.75
2011.03.14 17:46:26.573,7.83848,7.84102,3.75,3.75
2011.03.14 17:46:44.160,7.83883,7.84137,3.75,4.50
2011.03.14 17:46:44.380,7.83883,7.84137,3.75,3.75
2011.03.14 17:47:28.540,7.83863,7.84162,1.50,3.00
2011.03.14 17:47:39.350,7.83863,7.84162,1.50,5.25
2011.03.14 17:47:49.092,7.83862,7.84162,1.50,5.25
2011.03.14 17:47:57.450,7.83859,7.84162,1.50,5.25
2011.03.14 17:48:17.032,7.83858,7.84162,4.50,5.25
2011.03.14 17:48:28.805,7.8389,7.84162,1.50,5.25
2011.03.14 17:48:29.142,7.83898,7.84178,2.25,1.50
2011.03.14 17:48:29.361,7.83898,7.84202,2.25,3.15
2011.03.14 17:48:43.541,7.83922,7.84202,1.50,3.00
2011.03.14 17:49:11.585,7.83935,7.84202,1.50,3.00
2011.03.14 17:49:15.548,7.83929,7.84202,1.50,3.00
2011.03.14 17:49:16.527,7.83898,7.84202,2.25,3.00
2011.03.14 17:49:24.180,7.83898,7.84202,2.25,3.00
2011.03.14 17:50:42.483,7.83916,7.84202,1.50,3.00
2011.03.14 17:50:47.764,7.83948,7.84202,1.50,3.00
2011.03.14 17:50:49.410,7.83949,7.84202,1.50,3.00
2011.03.14 17:51:14.169,7.83949,7.84202,1.50,3.00
2011.03.14 17:51:15.042,7.83945,7.84202,1.50,3.00
2011.03.14 17:51:34.002,7.83898,7.84202,2.25,3.00
2011.03.14 17:52:17.060,7.83974,7.84202,0.75,3.00
2011.03.14 17:52:17.390,7.84152,7.84548,0.94,1.05
2011.03.14 17:52:17.502,7.84157,7.84543,2.44,3.15
2011.03.14 17:52:55.982,7.84197,7.84415,2.25,0.94
2011.03.14 17:52:56.093,7.84065,7.84411,2.25,2.44
2011.03.14 17:52:56.200,7.84108,7.84411,1.04,2.44
2011.03.14 17:52:59.232,7.84128,7.84352,1.04,2.25
2011.03.14 17:53:51.231,7.84128,7.84352,1.04,2.25
2011.03.14 17:53:59.239,7.84128,7.84488,1.04,1.05
2011.03.14 17:54:04.612,7.84128,7.84433,1.04,2.25
2011.03.14 17:54:04.720,7.84127,7.84433,2.54,3.00
2011.03.14 17:54:49.273,7.84127,7.84379,2.25,2.25
2011.03.14 17:54:49.492,7.84097,7.84403,3.29,2.25
2011.03.14 17:54:49.820,7.84097,7.84403,2.54,2.25
2011.03.14 17:54:58.942,7.8414,7.84403,1.50,2.25
2011.03.14 17:54:59.271,7.84198,7.84502,3.19,3.00
2011.03.14 17:55:59.078,7.84197,7.84503,2.25,3.15
2011.03.14 17:57:44.049,7.84197,7.84503,2.25,3.00
2011.03.14 17:59:18.471,7.84197,7.84416,2.25,0.94
2011.03.14 17:59:18.581,7.84163,7.84416,1.04,0.94
2011.03.14 17:59:18.693,7.84163,7.84411,1.04,2.25
2011.03.14 17:59:18.803,7.8412,7.84437,1.23,2.25
2011.03.14 17:59:18.915,7.84113,7.84437,2.73,2.25
