2018.02.08 17:00:00.231,9.70437,9.7051,1.00,1.00
2018.02.08 17:00:00.338,9.70419,9.7051,1.00,1.00
2018.02.08 17:00:00.391,9.70427,9.7051,1.00,1.00
2018.02.08 17:00:00.457,9.70395,9.7051,1.00,1.00
2018.02.08 17:00:00.562,9.70418,9.7054,1.00,1.00
2018.02.08 17:00:00.737,9.70434,9.70556,1.00,1.00
2018.02.08 17:00:01.241,9.70421,9.70543,1.00,1.00
2018.02.08 17:00:01.560,9.70461,9.70583,1.00,1.00
2018.02.08 17:00:02.170,9.70474,9.70596,1.00,1.00
2018.02.08 17:00:04.399,9.7048,9.70604,1.00,1.00
2018.02.08 17:00:04.450,9.70467,9.70589,1.00,1.00
2018.02.08 17:00:04.502,9.70478,9.70602,1.00,1.00
2018.02.08 17:00:04.654,9.70467,9.70589,1.00,1.00
2018.02.08 17:00:04.967,9.70472,9.70594,1.00,1.00
2018.02.08 17:00:06.097,9.70446,9.70633,1.00,1.00
2018.02.08 17:00:06.150,9.70477,9.70599,1.00,1.00
2018.02.08 17:00:06.465,9.70489,9.70613,1.00,1.00
2018.02.08 17:00:06.517,9.70467,9.70654,1.00,1.50
2018.02.08 17:00:06.568,9.70499,9.70623,1.00,1.00
2018.02.08 17:00:06.620,9.70463,9.7065,1.00,1.00
2018.02.08 17:00:06.672,9.70494,9.70618,1.00,1.00
2018.02.08 17:00:06.902,9.70464,9.70651,1.00,1.50
2018.02.08 17:00:06.953,9.7049,9.70612,1.00,1.00
2018.02.08 17:00:07.055,9.70487,9.70611,1.00,1.00
2018.02.08 17:00:08.267,9.70522,9.70644,1.00,1.00
2018.02.08 17:00:08.575,9.70595,9.70717,1.00,1.00
2018.02.08 17:00:09.075,9.70595,9.70672,1.00,1.00
2018.02.08 17:00:09.128,9.70556,9.70678,1.00,1.00
2018.02.08 17:00:09.180,9.70524,9.70646,1.00,1.00
2018.02.08 17:00:09.517,9.70511,9.70633,1.00,1.00
2018.02.08 17:00:09.999,9.70498,9.7062,1.00,1.00
2018.02.08 17:00:13.747,9.70503,9.70625,1.00,1.00
2018.02.08 17:00:17.552,9.7052,9.70642,1.00,1.00
2018.02.08 17:00:17.754,9.7056,9.70684,1.00,1.00
2018.02.08 17:00:17.806,9.70573,9.70695,1.00,1.00
2018.02.08 17:00:21.769,9.70584,9.70706,1.00,1.00
2018.02.08 17:00:23.484,9.70596,9.70718,1.00,1.00
2018.02.08 17:00:23.825,9.70668,9.7079,1.00,1.00
2018.02.08 17:00:23.877,9.70685,9.70809,1.00,1.00
2018.02.08 17:00:23.929,9.70704,9.70826,1.00,1.00
2018.02.08 17:00:24.085,9.70759,9.70883,1.00,1.00
2018.02.08 17:00:24.138,9.70757,9.70879,1.00,1.00
2018.02.08 17:00:25.159,9.7072,9.70919,1.00,1.00
2018.02.08 17:00:25.502,9.70754,9.70876,1.00,1.00
2018.02.08 17:00:31.675,9.70784,9.70906,1.00,1.00
2018.02.08 17:00:33.622,9.70771,9.70893,1.00,1.00
2018.02.08 17:00:34.232,9.7077,9.70892,1.00,1.00
2018.02.08 17:00:37.221,9.70782,9.70904,1.00,1.00
2018.02.08 17:00:39.028,9.70794,9.70916,1.00,1.00
2018.02.08 17:00:39.330,9.70807,9.70929,1.00,1.00
2018.02.08 17:00:41.713,9.70819,9.70943,1.00,1.00
2018.02.08 17:00:43.837,9.70787,9.70909,1.00,1.00
2018.02.08 17:00:45.085,9.70775,9.70897,1.00,1.00
2018.02.08 17:00:45.446,9.70762,9.70884,1.00,1.00
2018.02.08 17:00:45.630,9.70749,9.70873,1.00,1.00
2018.02.08 17:00:45.783,9.70762,9.70884,1.00,1.00
2018.02.08 17:00:51.029,9.7075,9.70872,1.00,1.00
2018.02.08 17:00:51.387,9.70738,9.7086,1.00,1.00
2018.02.08 17:00:52.181,9.7075,9.70872,1.00,1.00
2018.02.08 17:00:53.190,9.70735,9.70857,1.00,1.00
2018.02.08 17:00:53.696,9.70734,9.70856,1.00,1.00
2018.02.08 17:00:57.545,9.70721,9.70843,1.00,1.00
2018.02.08 17:00:57.902,9.70733,9.70855,1.00,1.00
2018.02.08 17:01:00.224,9.70745,9.70867,1.00,1.00
2018.02.08 17:01:01.434,9.70757,9.70879,1.00,1.00
2018.02.08 17:01:01.741,9.70831,9.70953,1.00,1.00
2018.02.08 17:01:02.100,9.70845,9.70967,1.00,1.00
2018.02.08 17:01:02.409,9.70889,9.71011,1.00,1.00
2018.02.08 17:01:02.736,9.70853,9.70975,1.00,1.00
2018.02.08 17:01:03.049,9.70866,9.70988,1.00,1.00
2018.02.08 17:01:03.100,9.70852,9.70976,1.00,1.00
2018.02.08 17:01:03.152,9.7084,9.70962,1.00,1.00
2018.02.08 17:01:03.472,9.70853,9.70975,1.00,1.00
2018.02.08 17:01:03.782,9.70818,9.7094,1.00,1.00
2018.02.08 17:01:04.095,9.70781,9.70903,1.00,1.00
2018.02.08 17:01:04.401,9.70754,9.70876,1.00,1.00
2018.02.08 17:01:05.991,9.70766,9.70888,1.00,1.00
2018.02.08 17:01:08.920,9.70778,9.709,1.00,1.00
2018.02.08 17:01:09.023,9.70862,9.70986,1.00,1.00
2018.02.08 17:01:09.075,9.70875,9.70997,1.00,1.00
2018.02.08 17:01:09.416,9.70828,9.7095,1.00,1.00
2018.02.08 17:01:09.721,9.70853,9.70975,1.00,1.00
2018.02.08 17:01:10.071,9.70864,9.70988,1.00,1.00
2018.02.08 17:01:11.685,9.70877,9.70999,1.00,1.00
2018.02.08 17:01:12.985,9.70865,9.70987,1.00,1.00
2018.02.08 17:01:13.696,9.7087,9.70994,1.00,1.00
2018.02.08 17:01:14.072,9.70851,9.70973,1.00,1.00
2018.02.08 17:01:14.941,9.70877,9.70999,1.00,1.00
2018.02.08 17:01:15.246,9.70988,9.7111,1.00,1.00
2018.02.08 17:01:15.555,9.70958,9.7108,1.00,1.00
2018.02.08 17:01:17.374,9.70946,9.71068,1.00,1.00
2018.02.08 17:01:23.500,9.70933,9.71055,1.00,1.00
2018.02.08 17:01:25.798,9.70945,9.71067,1.00,1.00
2018.02.08 17:01:27.641,9.70959,9.71081,1.00,1.00
2018.02.08 17:01:27.975,9.70986,9.71108,1.00,1.00
2018.02.08 17:01:28.324,9.70963,9.71085,1.00,1.00
2018.02.08 17:01:28.825,9.70964,9.71086,1.00,1.00
2018.02.08 17:01:29.563,9.70949,9.71073,1.00,1.00
2018.02.08 17:01:33.645,9.70989,9.71111,1.00,1.00
2018.02.08 17:01:33.984,9.71075,9.71197,1.00,1.00
2018.02.08 17:01:34.290,9.71002,9.71124,1.00,1.00
2018.02.08 17:01:34.595,9.71015,9.71137,1.00,1.00
2018.02.08 17:01:38.559,9.7099,9.71112,1.00,1.00
2018.02.08 17:01:41.691,9.71002,9.71124,1.00,1.00
2018.02.08 17:01:41.999,9.71188,9.7131,1.00,1.00
2018.02.08 17:01:42.460,9.71175,9.71297,1.00,1.00
2018.02.08 17:01:44.667,9.71162,9.71284,1.00,1.00
2018.02.08 17:01:47.161,9.71173,9.71297,1.00,1.00
2018.02.08 17:01:47.264,9.71192,9.71314,1.00,1.00
2018.02.08 17:01:47.367,9.71214,9.71338,1.00,1.00
2018.02.08 17:01:47.420,9.71202,9.71324,1.00,1.00
2018.02.08 17:01:47.764,9.71192,9.71314,1.00,1.00
2018.02.08 17:01:50.477,9.7122,9.71342,1.00,1.00
2018.02.08 17:01:50.787,9.71237,9.71359,1.00,1.00
2018.02.08 17:01:52.636,9.71256,9.71378,1.00,1.00
2018.02.08 17:01:53.000,9.71268,9.7139,1.00,1.00
2018.02.08 17:01:53.352,9.71255,9.71377,1.00,1.00
2018.02.08 17:01:53.872,9.71256,9.71378,1.00,1.00
2018.02.08 17:01:55.835,9.71244,9.71366,1.00,1.00
2018.02.08 17:01:56.185,9.71255,9.71377,1.00,1.00
2018.02.08 17:01:57.912,9.71243,9.71365,1.00,1.00
2018.02.08 17:01:59.514,9.71256,9.71378,1.00,1.00
2018.02.08 17:01:59.822,9.71274,9.71396,1.00,1.00
2018.02.08 17:02:00.145,9.71257,9.71379,1.00,1.00
2018.02.08 17:02:00.501,9.7127,9.71392,1.00,1.00
2018.02.08 17:02:00.931,9.71243,9.71375,1.00,1.00
2018.02.08 17:02:00.982,9.71264,9.71403,1.00,1.00
2018.02.08 17:02:01.033,9.71278,9.71417,1.00,1.00
2018.02.08 17:02:01.377,9.71275,9.71414,1.00,1.00
2018.02.08 17:02:01.715,9.71258,9.71397,1.00,1.00
2018.02.08 17:02:02.018,9.71246,9.71385,1.50,1.00
2018.02.08 17:02:02.595,9.71233,9.71372,1.00,1.00
2018.02.08 17:02:02.850,9.71213,9.71409,1.00,1.00
2018.02.08 17:02:03.001,9.71202,9.71398,1.00,1.00
2018.02.08 17:02:03.054,9.71197,9.71405,1.00,1.00
2018.02.08 17:02:03.156,9.71181,9.7138,1.00,1.00
2018.02.08 17:02:03.593,9.71216,9.71355,1.00,1.00
2018.02.08 17:02:03.886,9.71204,9.71343,1.00,1.00
2018.02.08 17:02:05.099,9.71191,9.7133,1.00,1.00
2018.02.08 17:02:05.450,9.71179,9.71318,1.00,1.00
2018.02.08 17:02:05.789,9.71165,9.71306,1.00,1.00
2018.02.08 17:02:05.943,9.71153,9.71294,1.00,1.00
2018.02.08 17:02:07.052,9.71176,9.71308,1.00,1.00
2018.02.08 17:02:07.104,9.71222,9.71361,1.00,1.00
2018.02.08 17:02:07.463,9.71242,9.71381,1.00,1.00
2018.02.08 17:02:07.798,9.7127,9.71409,1.00,1.00
2018.02.08 17:02:08.382,9.71258,9.71397,1.00,1.00
2018.02.08 17:02:08.691,9.71211,9.7135,1.00,1.00
2018.02.08 17:02:09.177,9.71199,9.71338,1.00,1.00
2018.02.08 17:02:09.488,9.71187,9.71326,1.00,1.00
2018.02.08 17:02:10.132,9.71174,9.71313,1.00,1.00
2018.02.08 17:02:10.184,9.7116,9.71301,1.00,1.00
2018.02.08 17:02:11.257,9.71149,9.71288,1.00,1.00
2018.02.08 17:02:11.586,9.71133,9.71272,1.00,1.00
2018.02.08 17:02:12.119,9.71145,9.71284,1.00,1.00
2018.02.08 17:02:13.720,9.71154,9.71293,1.00,1.00
2018.02.08 17:02:16.932,9.71189,9.71328,1.00,1.00
2018.02.08 17:02:17.273,9.71267,9.71385,1.20,1.00
2018.02.08 17:02:17.430,9.71283,9.71402,1.20,1.00
2018.02.08 17:02:17.535,9.71296,9.71415,1.20,1.00
2018.02.08 17:02:17.588,9.71301,9.7144,1.00,1.00
2018.02.08 17:02:17.641,9.71322,9.71457,1.20,1.00
2018.02.08 17:02:17.744,9.71318,9.71454,1.20,1.00
2018.02.08 17:02:17.796,9.71352,9.71471,1.20,1.00
2018.02.08 17:02:17.921,9.71342,9.71481,1.00,1.00
2018.02.08 17:02:17.977,9.71339,9.71457,1.20,1.00
2018.02.08 17:02:18.029,9.71326,9.71457,1.00,1.00
2018.02.08 17:02:18.080,9.71301,9.7144,1.50,1.00
2018.02.08 17:02:18.183,9.71312,9.7144,1.00,1.00
2018.02.08 17:02:18.388,9.71334,9.71473,1.00,1.00
2018.02.08 17:02:18.491,9.71355,9.71473,1.20,1.00
2018.02.08 17:02:19.563,9.71369,9.71487,1.20,1.00
2018.02.08 17:02:19.615,9.71369,9.71504,1.20,1.00
2018.02.08 17:02:19.666,9.71359,9.71493,1.00,1.00
2018.02.08 17:02:20.012,9.71386,9.71504,1.20,1.00
2018.02.08 17:02:21.416,9.71386,9.71516,1.20,1.00
2018.02.08 17:02:21.468,9.71398,9.71516,1.20,1.00
2018.02.08 17:02:26.391,9.71416,9.71555,1.00,1.00
2018.02.08 17:02:26.442,9.7145,9.71568,1.20,1.00
2018.02.08 17:02:26.498,9.7145,9.71585,1.20,1.00
2018.02.08 17:02:26.550,9.71466,9.71603,1.20,1.00
2018.02.08 17:02:26.603,9.71504,9.71622,1.20,1.00
2018.02.08 17:02:26.655,9.71504,9.71634,1.20,1.00
2018.02.08 17:02:26.708,9.71548,9.71666,1.20,1.00
2018.02.08 17:02:26.977,9.71613,9.71752,1.00,1.00
2018.02.08 17:02:27.029,9.71604,9.71731,1.20,1.00
2018.02.08 17:02:27.081,9.71592,9.71731,1.00,1.00
2018.02.08 17:02:27.287,9.71613,9.71731,1.20,1.00
2018.02.08 17:02:28.998,9.71625,9.71743,1.20,1.00
2018.02.08 17:02:32.011,9.71621,9.71743,1.00,1.00
2018.02.08 17:02:33.077,9.71633,9.71755,1.00,1.00
2018.02.08 17:02:33.129,9.71644,9.71768,1.00,1.00
2018.02.08 17:02:33.712,9.7165,9.71772,1.00,1.00
2018.02.08 17:02:34.467,9.71662,9.71786,1.00,1.00
2018.02.08 17:02:34.570,9.71675,9.71797,1.00,1.00
2018.02.08 17:02:37.474,9.71675,9.71797,1.45,1.00
2018.02.08 17:02:37.526,9.71675,9.71797,1.00,1.00
2018.02.08 17:02:37.707,9.71705,9.71827,1.00,1.00
2018.02.08 17:02:38.016,9.71717,9.71839,1.00,1.00
2018.02.08 17:02:38.591,9.71728,9.71852,1.00,1.00
2018.02.08 17:02:38.703,9.71746,9.71868,1.00,1.00
2018.02.08 17:02:39.040,9.71802,9.71924,1.00,1.00
2018.02.08 17:02:39.377,9.71806,9.71928,1.00,1.00
2018.02.08 17:02:40.078,9.7179,9.71912,1.00,1.00
2018.02.08 17:02:41.339,9.71777,9.71899,1.00,1.00
2018.02.08 17:02:41.699,9.7179,9.71912,1.00,1.00
2018.02.08 17:02:42.609,9.71779,9.71901,1.00,1.00
2018.02.08 17:02:44.810,9.71765,9.71887,1.00,1.00
2018.02.08 17:02:45.140,9.71752,9.71874,1.00,1.00
2018.02.08 17:02:47.725,9.71765,9.71887,1.00,1.00
2018.02.08 17:02:48.205,9.71752,9.71874,1.00,1.00
2018.02.08 17:02:48.543,9.7174,9.71862,1.00,1.00
2018.02.08 17:02:49.384,9.71727,9.71851,1.00,1.00
2018.02.08 17:02:49.487,9.71743,9.71865,1.00,1.00
2018.02.08 17:02:49.835,9.71773,9.71895,1.00,1.00
2018.02.08 17:02:50.168,9.71787,9.71909,1.00,1.00
2018.02.08 17:02:51.384,9.71775,9.71897,1.00,1.00
2018.02.08 17:02:52.637,9.71761,9.71883,1.00,1.00
2018.02.08 17:02:53.737,9.71766,9.7189,1.00,1.00
2018.02.08 17:02:54.200,9.71747,9.71869,1.00,1.00
2018.02.08 17:02:54.356,9.71722,9.71846,1.00,1.00
2018.02.08 17:02:54.532,9.71733,9.71857,1.00,1.00
2018.02.08 17:02:56.705,9.71722,9.71844,1.00,1.00
2018.02.08 17:03:00.206,9.71703,9.71825,1.00,1.00
2018.02.08 17:03:00.528,9.71687,9.71809,1.00,1.00
2018.02.08 17:03:02.333,9.71674,9.71798,1.00,1.00
2018.02.08 17:03:02.434,9.7162,9.71742,1.00,1.00
2018.02.08 17:03:02.536,9.71605,9.71729,1.00,1.00
2018.02.08 17:03:02.842,9.71624,9.71746,1.00,1.00
2018.02.08 17:03:03.213,9.71606,9.71728,1.00,1.00
2018.02.08 17:03:04.556,9.71593,9.71715,1.00,1.00
2018.02.08 17:03:04.865,9.71598,9.7172,1.00,1.00
2018.02.08 17:03:06.472,9.71594,9.71716,1.00,1.00
2018.02.08 17:03:06.778,9.71613,9.71735,1.00,1.00
2018.02.08 17:03:07.104,9.71627,9.71749,1.00,1.00
2018.02.08 17:03:07.412,9.71615,9.71737,1.00,1.00
2018.02.08 17:03:07.739,9.71638,9.7176,1.00,1.00
2018.02.08 17:03:09.690,9.71649,9.71771,1.00,1.00
2018.02.08 17:03:10.091,9.71629,9.71751,1.00,1.00
2018.02.08 17:03:10.693,9.71614,9.71736,1.00,1.00
2018.02.08 17:03:10.998,9.71612,9.71734,1.00,1.00
2018.02.08 17:03:11.303,9.71615,9.71737,1.00,1.00
2018.02.08 17:03:11.611,9.716,9.71722,1.00,1.00
2018.02.08 17:03:11.916,9.71612,9.71734,1.00,1.00
2018.02.08 17:03:12.913,9.71624,9.71746,1.00,1.00
2018.02.08 17:03:13.747,9.71618,9.71742,1.00,1.00
2018.02.08 17:03:14.211,9.71633,9.71755,1.00,1.00
2018.02.08 17:03:14.263,9.71656,9.7178,1.00,1.00
2018.02.08 17:03:14.370,9.71669,9.71791,1.00,1.00
2018.02.08 17:03:14.680,9.71671,9.71793,1.00,1.00
2018.02.08 17:03:15.062,9.71683,9.71805,1.00,1.00
2018.02.08 17:03:17.114,9.71686,9.71805,1.00,1.00
2018.02.08 17:03:17.165,9.7171,9.71832,1.00,1.00
2018.02.08 17:03:17.216,9.71722,9.71844,1.00,1.00
2018.02.08 17:03:21.138,9.71733,9.71857,1.00,1.00
2018.02.08 17:03:21.189,9.71712,9.71834,1.00,1.00
2018.02.08 17:03:21.530,9.71566,9.71688,1.00,1.00
2018.02.08 17:03:22.890,9.71552,9.71674,1.00,1.00
2018.02.08 17:03:23.706,9.71532,9.71654,1.00,1.00
2018.02.08 17:03:24.017,9.71367,9.71489,1.00,1.00
2018.02.08 17:03:24.356,9.71379,9.71501,1.00,1.00
2018.02.08 17:03:24.665,9.71278,9.714,1.00,1.00
2018.02.08 17:03:24.973,9.71246,9.71368,1.00,1.00
2018.02.08 17:03:25.309,9.71214,9.71336,1.00,1.00
2018.02.08 17:03:25.613,9.71216,9.71338,1.00,1.00
2018.02.08 17:03:27.859,9.712,9.71322,1.00,1.00
2018.02.08 17:03:28.241,9.71213,9.71335,1.00,1.00
2018.02.08 17:03:30.061,9.71193,9.71315,1.00,1.00
2018.02.08 17:03:30.411,9.71195,9.71317,1.00,1.00
2018.02.08 17:03:30.718,9.7117,9.71277,1.00,1.00
2018.02.08 17:03:30.769,9.71181,9.71303,1.00,1.00
2018.02.08 17:03:30.858,9.71185,9.71307,1.00,1.00
2018.02.08 17:03:31.164,9.71188,9.7131,1.00,1.00
2018.02.08 17:03:31.418,9.71156,9.7128,1.00,1.00
2018.02.08 17:03:31.469,9.71133,9.71255,1.00,1.00
2018.02.08 17:03:31.811,9.71046,9.71168,1.00,1.00
2018.02.08 17:03:32.125,9.71034,9.71156,1.00,1.00
2018.02.08 17:03:32.434,9.71232,9.71354,1.00,1.00
2018.02.08 17:03:32.771,9.71185,9.71309,1.00,1.00
2018.02.08 17:03:32.822,9.71111,9.71378,1.00,1.00
2018.02.08 17:03:32.873,9.71126,9.71387,1.00,1.00
2018.02.08 17:03:33.178,9.71103,9.71363,1.37,1.00
2018.02.08 17:03:33.662,9.71106,9.71366,1.00,1.00
2018.02.08 17:03:33.817,9.71126,9.71354,1.00,1.00
2018.02.08 17:03:34.398,9.71164,9.71286,1.00,1.00
2018.02.08 17:03:38.342,9.71139,9.71261,1.00,1.00
2018.02.08 17:03:41.279,9.7115,9.71272,1.00,1.00
2018.02.08 17:03:43.005,9.71138,9.7126,1.00,1.00
2018.02.08 17:03:46.853,9.71123,9.71245,1.00,1.00
2018.02.08 17:03:47.164,9.71081,9.71203,1.00,1.00
2018.02.08 17:03:47.217,9.71067,9.71191,1.00,1.00
2018.02.08 17:03:49.145,9.71056,9.71178,1.00,1.00
2018.02.08 17:03:53.342,9.71044,9.71166,1.00,1.00
2018.02.08 17:03:53.672,9.71015,9.71137,1.00,1.00
2018.02.08 17:03:53.775,9.70999,9.71123,1.00,1.00
2018.02.08 17:03:53.878,9.70971,9.71093,1.00,1.00
2018.02.08 17:03:54.188,9.70958,9.7108,1.00,1.00
2018.02.08 17:03:57.722,9.71026,9.71148,1.00,1.00
2018.02.08 17:03:58.037,9.71117,9.71239,1.00,1.00
2018.02.08 17:03:58.451,9.7113,9.71252,1.00,1.00
2018.02.08 17:03:58.782,9.71111,9.71233,1.00,1.00
2018.02.08 17:03:58.884,9.71097,9.71221,1.00,1.00
2018.02.08 17:03:59.087,9.71085,9.71207,1.00,1.00
2018.02.08 17:04:00.022,9.71073,9.71195,1.00,1.00
2018.02.08 17:04:00.327,9.7103,9.71152,1.00,1.00
2018.02.08 17:04:03.276,9.71017,9.71139,1.00,1.00
2018.02.08 17:04:03.481,9.70955,9.71079,1.00,1.00
2018.02.08 17:04:04.632,9.70944,9.71066,1.00,1.00
2018.02.08 17:04:04.993,9.70932,9.71054,1.00,1.00
2018.02.08 17:04:05.443,9.70944,9.71066,1.00,1.00
2018.02.08 17:04:05.747,9.70915,9.71037,1.00,1.00
2018.02.08 17:04:06.051,9.70928,9.7105,1.00,1.00
2018.02.08 17:04:06.358,9.70909,9.71031,1.00,1.00
2018.02.08 17:04:06.671,9.70904,9.71026,1.00,1.00
2018.02.08 17:04:07.015,9.70916,9.71038,1.00,1.00
2018.02.08 17:04:08.283,9.70904,9.71026,1.00,1.00
2018.02.08 17:04:08.749,9.70923,9.71045,1.00,1.00
2018.02.08 17:04:13.706,9.70922,9.71044,1.00,1.00
2018.02.08 17:04:15.087,9.70909,9.71031,1.00,1.00
2018.02.08 17:04:18.239,9.70897,9.71019,1.00,1.00
2018.02.08 17:04:18.547,9.70909,9.71031,1.00,1.00
2018.02.08 17:04:21.309,9.70894,9.71016,1.00,1.00
2018.02.08 17:04:23.943,9.7088,9.71002,1.00,1.00
2018.02.08 17:04:24.996,9.70894,9.71018,1.00,1.00
2018.02.08 17:04:25.058,9.70909,9.71031,1.00,1.00
2018.02.08 17:04:25.403,9.70897,9.71019,1.00,1.00
2018.02.08 17:04:26.288,9.70898,9.71019,1.00,1.00
2018.02.08 17:04:26.340,9.70919,9.71041,1.00,1.00
2018.02.08 17:04:26.569,9.70905,9.71027,1.00,1.00
2018.02.08 17:04:28.563,9.70892,9.71016,1.00,1.00
2018.02.08 17:04:29.076,9.70912,9.71034,1.00,1.00
2018.02.08 17:04:29.411,9.70887,9.71009,1.00,1.00
2018.02.08 17:04:29.720,9.70862,9.70984,1.00,1.00
2018.02.08 17:04:29.822,9.70876,9.71,1.00,1.00
2018.02.08 17:04:31.115,9.70863,9.70985,1.00,1.00
2018.02.08 17:04:31.353,9.7085,9.70974,1.00,1.00
2018.02.08 17:04:32.265,9.70839,9.70961,1.00,1.00
2018.02.08 17:04:32.898,9.70822,9.70944,1.00,1.00
2018.02.08 17:04:33.237,9.70851,9.70973,1.00,1.00
2018.02.08 17:04:33.542,9.70839,9.70961,1.00,1.00
2018.02.08 17:04:34.183,9.70838,9.7096,1.00,1.00
2018.02.08 17:04:36.303,9.70825,9.70947,1.00,1.00
2018.02.08 17:04:42.239,9.70839,9.70961,1.00,1.00
2018.02.08 17:04:43.214,9.70826,9.70948,1.00,1.00
2018.02.08 17:04:46.149,9.70812,9.70936,1.00,1.00
2018.02.08 17:04:48.102,9.70827,9.70949,1.00,1.00
2018.02.08 17:04:48.438,9.70814,9.70936,1.00,1.00
2018.02.08 17:04:48.775,9.70795,9.70917,1.00,1.00
2018.02.08 17:04:49.093,9.70765,9.70887,1.00,1.00
2018.02.08 17:04:49.437,9.7072,9.70842,1.00,1.00
2018.02.08 17:04:49.753,9.70678,9.70802,1.00,1.00
2018.02.08 17:04:49.806,9.70658,9.7078,1.00,1.00
2018.02.08 17:04:50.151,9.70589,9.70711,1.00,1.00
2018.02.08 17:04:50.461,9.70485,9.70607,1.00,1.00
2018.02.08 17:04:50.771,9.70438,9.7056,1.00,1.00
2018.02.08 17:04:51.114,9.70325,9.70447,1.00,1.00
2018.02.08 17:04:51.422,9.70305,9.70427,1.00,1.00
2018.02.08 17:04:52.167,9.70281,9.70405,1.00,1.00
2018.02.08 17:04:52.320,9.70267,9.70389,1.00,1.00
2018.02.08 17:04:52.625,9.70242,9.70366,1.00,1.00
2018.02.08 17:04:52.766,9.70255,9.70377,1.00,1.00
2018.02.08 17:04:53.070,9.70268,9.7039,1.00,1.00
2018.02.08 17:04:53.695,9.70266,9.70388,1.00,1.00
2018.02.08 17:04:56.088,9.70247,9.70369,1.00,1.00
2018.02.08 17:04:56.471,9.70264,9.70386,1.00,1.00
2018.02.08 17:04:56.786,9.70276,9.70398,1.00,1.00
2018.02.08 17:04:57.124,9.70317,9.70439,1.00,1.00
2018.02.08 17:04:57.449,9.70465,9.70587,1.00,1.00
2018.02.08 17:04:57.757,9.70506,9.70628,1.00,1.00
2018.02.08 17:05:00.003,9.70494,9.70616,1.00,1.00
2018.02.08 17:05:00.328,9.70506,9.70628,1.00,1.00
2018.02.08 17:05:02.177,9.70521,9.70643,1.00,1.00
2018.02.08 17:05:02.896,9.70509,9.70631,1.00,1.00
2018.02.08 17:05:03.563,9.70495,9.70619,1.00,1.00
2018.02.08 17:05:03.680,9.70509,9.70631,1.00,1.00
2018.02.08 17:05:07.950,9.70542,9.70664,1.00,1.00
2018.02.08 17:05:08.278,9.70528,9.7065,1.00,1.00
2018.02.08 17:05:10.315,9.70541,9.70663,1.00,1.00
2018.02.08 17:05:10.644,9.70702,9.70824,1.00,1.00
2018.02.08 17:05:10.949,9.70777,9.70899,1.00,1.00
2018.02.08 17:05:11.167,9.70781,9.70912,1.00,1.00
2018.02.08 17:05:13.702,9.70782,9.70913,1.00,1.00
2018.02.08 17:05:15.081,9.70769,9.709,1.00,1.00
2018.02.08 17:05:15.236,9.70753,9.70886,1.00,1.00
2018.02.08 17:05:15.288,9.70768,9.70899,1.00,1.00
2018.02.08 17:05:15.807,9.7078,9.70911,1.00,1.00
2018.02.08 17:05:17.573,9.70792,9.70923,1.00,1.00
2018.02.08 17:05:19.443,9.70804,9.70935,1.00,1.00
2018.02.08 17:05:19.657,9.70815,9.70948,1.00,1.00
2018.02.08 17:05:23.518,9.70793,9.70924,1.00,1.00
2018.02.08 17:05:25.096,9.70779,9.7091,1.00,1.00
2018.02.08 17:05:25.406,9.70817,9.70948,1.00,1.00
2018.02.08 17:05:25.734,9.70803,9.70934,1.00,1.00
2018.02.08 17:05:27.226,9.70816,9.70947,1.00,1.00
2018.02.08 17:05:27.745,9.708,9.70931,1.00,1.00
2018.02.08 17:05:30.057,9.70816,9.70947,1.00,1.00
2018.02.08 17:05:30.384,9.70828,9.70959,1.00,1.00
2018.02.08 17:05:32.014,9.70814,9.70945,1.00,1.00
2018.02.08 17:05:32.324,9.70809,9.7094,1.00,1.00
2018.02.08 17:05:32.675,9.70797,9.70928,1.00,1.00
2018.02.08 17:05:33.720,9.70792,9.70923,1.00,1.00
2018.02.08 17:05:37.747,9.7078,9.70911,1.00,1.00
2018.02.08 17:05:38.057,9.70769,9.709,1.00,1.00
2018.02.08 17:05:38.375,9.70722,9.70853,1.00,1.00
2018.02.08 17:05:38.675,9.70822,9.70955,1.00,1.00
2018.02.08 17:05:38.727,9.70836,9.70967,1.00,1.00
2018.02.08 17:05:38.935,9.70915,9.71048,1.00,1.00
2018.02.08 17:05:38.987,9.70903,9.71034,1.00,1.00
2018.02.08 17:05:39.324,9.70933,9.71064,1.00,1.00
2018.02.08 17:05:39.638,9.70957,9.7109,1.00,1.00
2018.02.08 17:05:39.689,9.70974,9.71105,1.00,1.00
2018.02.08 17:05:39.995,9.70987,9.71118,1.00,1.00
2018.02.08 17:05:40.382,9.71,9.71131,1.00,1.00
2018.02.08 17:05:41.154,9.71009,9.71131,1.00,1.00
2018.02.08 17:05:41.473,9.71021,9.71143,1.00,1.00
2018.02.08 17:05:41.782,9.71038,9.7116,1.00,1.00
2018.02.08 17:05:42.116,9.7105,9.71172,1.00,1.00
2018.02.08 17:05:42.438,9.71061,9.71183,1.00,1.00
2018.02.08 17:05:42.885,9.71077,9.71199,1.00,1.00
2018.02.08 17:05:44.806,9.71096,9.71218,1.00,1.00
2018.02.08 17:05:45.113,9.71113,9.71235,1.00,1.00
2018.02.08 17:05:45.430,9.71124,9.71246,1.00,1.00
2018.02.08 17:05:45.736,9.71149,9.71271,1.00,1.00
2018.02.08 17:05:47.110,9.71166,9.7129,1.00,1.00
2018.02.08 17:05:47.162,9.71184,9.71306,1.00,1.00
2018.02.08 17:05:48.079,9.71196,9.71318,1.00,1.00
2018.02.08 17:05:48.283,9.71207,9.71331,1.00,1.00
2018.02.08 17:05:49.908,9.71221,9.71343,1.00,1.00
2018.02.08 17:05:50.246,9.71233,9.71355,1.00,1.00
2018.02.08 17:05:51.525,9.71249,9.71371,1.00,1.00
2018.02.08 17:05:51.866,9.71262,9.71384,1.00,1.00
2018.02.08 17:05:53.021,9.71274,9.71396,1.00,1.00
2018.02.08 17:05:53.739,9.71281,9.71403,1.00,1.00
2018.02.08 17:05:56.972,9.71295,9.71417,1.00,1.00
2018.02.08 17:05:57.296,9.71323,9.71445,1.00,1.00
2018.02.08 17:05:57.745,9.71281,9.7142,1.00,1.00
2018.02.08 17:05:57.949,9.71266,9.71407,1.00,1.00
2018.02.08 17:05:58.226,9.71254,9.71393,1.00,1.00
2018.02.08 17:05:59.227,9.71238,9.71377,1.00,1.00
2018.02.08 17:05:59.577,9.71225,9.71364,1.00,1.00
2018.02.08 17:06:00.102,9.71202,9.71341,1.00,1.00
2018.02.08 17:06:00.408,9.7116,9.71299,1.00,1.00
2018.02.08 17:06:05.020,9.71133,9.71272,1.00,1.00
2018.02.08 17:06:07.714,9.71122,9.71261,1.00,1.00
2018.02.08 17:06:08.278,9.71135,9.71274,1.00,1.00
2018.02.08 17:06:10.713,9.71108,9.71247,1.00,1.00
2018.02.08 17:06:11.034,9.71083,9.71222,1.00,1.00
2018.02.08 17:06:11.341,9.71072,9.71211,1.00,1.00
2018.02.08 17:06:12.887,9.71057,9.71196,1.00,1.00
2018.02.08 17:06:12.939,9.71045,9.71186,1.00,1.00
2018.02.08 17:06:13.495,9.71033,9.71172,1.00,1.00
2018.02.08 17:06:13.893,9.7103,9.71169,1.00,1.00
2018.02.08 17:06:15.060,9.71016,9.71155,1.00,1.00
2018.02.08 17:06:15.621,9.71004,9.71143,1.00,1.00
2018.02.08 17:06:21.350,9.70992,9.71131,1.00,1.00
2018.02.08 17:06:21.934,9.71004,9.71143,1.00,1.00
2018.02.08 17:06:24.758,9.70992,9.71131,1.00,1.00
2018.02.08 17:06:27.741,9.71009,9.71131,1.00,1.00
2018.02.08 17:06:28.505,9.71021,9.71143,1.00,1.00
2018.02.08 17:06:28.610,9.70986,9.7111,1.00,1.00
2018.02.08 17:06:28.766,9.70999,9.71121,1.00,1.00
2018.02.08 17:06:32.012,9.70987,9.71109,1.00,1.00
2018.02.08 17:06:33.696,9.70985,9.71107,1.00,1.00
2018.02.08 17:06:36.185,9.70969,9.71091,1.00,1.00
2018.02.08 17:06:36.595,9.70886,9.71008,1.00,1.00
2018.02.08 17:06:39.379,9.70873,9.70995,1.00,1.00
2018.02.08 17:06:42.000,9.70861,9.70983,1.00,1.00
2018.02.08 17:06:42.310,9.70835,9.70957,1.00,1.00
2018.02.08 17:06:42.620,9.70822,9.70944,1.00,1.00
2018.02.08 17:06:45.902,9.70792,9.70914,1.00,1.00
2018.02.08 17:06:47.761,9.70779,9.70901,1.00,1.00
2018.02.08 17:06:47.863,9.70744,9.70868,1.00,1.00
2018.02.08 17:06:51.380,9.70733,9.70855,1.00,1.00
2018.02.08 17:06:51.691,9.70721,9.70843,1.00,1.00
2018.02.08 17:06:52.911,9.70704,9.70826,1.00,1.00
2018.02.08 17:06:53.254,9.70653,9.70775,1.00,1.00
2018.02.08 17:06:53.724,9.70667,9.70789,1.00,1.00
2018.02.08 17:06:54.448,9.70654,9.70776,1.00,1.00
2018.02.08 17:06:56.822,9.70641,9.70763,1.00,1.00
2018.02.08 17:07:00.188,9.70652,9.70774,1.00,1.00
2018.02.08 17:07:03.707,9.70665,9.70787,1.00,1.00
2018.02.08 17:07:06.545,9.70652,9.70774,1.00,1.00
2018.02.08 17:07:07.032,9.70676,9.70798,1.00,1.00
2018.02.08 17:07:07.364,9.70679,9.70801,1.00,1.00
2018.02.08 17:07:07.700,9.70664,9.70786,1.00,1.00
2018.02.08 17:07:09.866,9.7068,9.70802,1.00,1.00
2018.02.08 17:07:10.292,9.70667,9.70789,1.00,1.00
2018.02.08 17:07:12.946,9.70679,9.70801,1.00,1.00
2018.02.08 17:07:13.260,9.70665,9.70787,1.00,1.00
2018.02.08 17:07:13.312,9.70651,9.70775,1.00,1.00
2018.02.08 17:07:13.625,9.70665,9.70787,1.00,1.00
2018.02.08 17:07:13.987,9.70669,9.70791,1.00,1.00
2018.02.08 17:07:14.302,9.70666,9.70788,1.00,1.00
2018.02.08 17:07:17.460,9.70649,9.70771,1.00,1.00
2018.02.08 17:07:17.766,9.70632,9.70754,1.00,1.00
2018.02.08 17:07:18.101,9.70651,9.70773,1.00,1.00
2018.02.08 17:07:18.517,9.70665,9.70787,1.00,1.00
2018.02.08 17:07:20.445,9.70653,9.70775,1.00,1.00
2018.02.08 17:07:24.871,9.70671,9.70793,1.00,1.00
2018.02.08 17:07:25.181,9.70658,9.7078,1.00,1.00
2018.02.08 17:07:27.697,9.7067,9.70792,1.00,1.00
2018.02.08 17:07:28.447,9.70683,9.70805,1.00,1.00
2018.02.08 17:07:29.533,9.70697,9.70819,1.00,1.00
2018.02.08 17:07:29.846,9.70754,9.70876,1.00,1.00
2018.02.08 17:07:33.115,9.70779,9.70903,1.00,1.00
2018.02.08 17:07:33.166,9.70792,9.70914,1.00,1.00
2018.02.08 17:07:33.489,9.70817,9.70939,1.00,1.00
2018.02.08 17:07:33.717,9.70793,9.70917,1.00,1.00
2018.02.08 17:07:34.847,9.70812,9.70936,1.00,1.00
2018.02.08 17:07:39.268,9.70833,9.70955,1.00,1.00
2018.02.08 17:07:39.608,9.70845,9.70967,1.00,1.00
2018.02.08 17:07:42.397,9.70864,9.70986,1.00,1.00
2018.02.08 17:07:42.736,9.70935,9.71057,1.00,1.00
2018.02.08 17:07:43.044,9.70922,9.71044,1.00,1.00
2018.02.08 17:07:43.376,9.70934,9.71056,1.00,1.00
2018.02.08 17:07:45.146,9.70922,9.71044,1.00,1.00
2018.02.08 17:07:45.456,9.70936,9.71058,1.00,1.00
2018.02.08 17:07:46.622,9.70951,9.71073,1.00,1.00
2018.02.08 17:07:50.733,9.70969,9.71091,1.00,1.00
2018.02.08 17:07:51.045,9.7105,9.71172,1.00,1.00
2018.02.08 17:07:52.433,9.71068,9.7119,1.00,1.00
2018.02.08 17:07:52.937,9.71108,9.7123,1.00,1.00
2018.02.08 17:07:53.093,9.71122,9.71246,1.00,1.00
2018.02.08 17:07:53.146,9.71159,9.71281,1.00,1.00
2018.02.08 17:07:53.455,9.71193,9.71315,1.00,1.00
2018.02.08 17:07:53.736,9.71188,9.71312,1.00,1.00
2018.02.08 17:07:55.414,9.71201,9.71323,1.00,1.00
2018.02.08 17:07:55.466,9.71242,9.71366,1.00,1.00
2018.02.08 17:07:55.519,9.71263,9.71385,1.00,1.00
2018.02.08 17:07:55.834,9.71314,9.71436,1.00,1.00
2018.02.08 17:07:57.344,9.71326,9.71448,1.00,1.00
2018.02.08 17:08:00.214,9.71309,9.71431,1.00,1.00
2018.02.08 17:08:01.058,9.71293,9.71415,1.00,1.00
2018.02.08 17:08:01.393,9.71279,9.71401,1.00,1.00
2018.02.08 17:08:01.710,9.71292,9.71414,1.00,1.00
2018.02.08 17:08:02.033,9.71319,9.71441,1.00,1.00
2018.02.08 17:08:02.453,9.71306,9.71428,1.00,1.00
2018.02.08 17:08:03.985,9.7127,9.71392,1.00,1.00
2018.02.08 17:08:04.295,9.71174,9.71296,1.00,1.00
2018.02.08 17:08:04.748,9.71187,9.71309,1.00,1.00
2018.02.08 17:08:08.372,9.71221,9.71345,1.00,1.00
2018.02.08 17:08:08.423,9.71234,9.71356,1.00,1.00
2018.02.08 17:08:08.729,9.71276,9.71398,1.00,1.00
2018.02.08 17:08:09.037,9.7129,9.71412,1.00,1.00
2018.02.08 17:08:12.569,9.71303,9.71425,1.00,1.00
2018.02.08 17:08:13.724,9.71304,9.71428,1.00,1.00
2018.02.08 17:08:17.328,9.71294,9.71416,1.00,1.00
2018.02.08 17:08:17.668,9.71326,9.71448,1.00,1.00
2018.02.08 17:08:18.056,9.71314,9.71436,1.00,1.00
2018.02.08 17:08:18.361,9.71327,9.71449,1.00,1.00
2018.02.08 17:08:26.319,9.71313,9.71435,1.00,1.00
2018.02.08 17:08:28.100,9.71313,9.71432,1.00,1.00
2018.02.08 17:08:28.153,9.71272,9.71394,1.00,1.00
2018.02.08 17:08:28.360,9.71288,9.7141,1.00,1.00
2018.02.08 17:08:28.668,9.71271,9.71393,1.00,1.00
2018.02.08 17:08:30.255,9.71259,9.71381,1.00,1.00
2018.02.08 17:08:32.400,9.71272,9.71394,1.00,1.00
2018.02.08 17:08:32.761,9.71259,9.71381,1.00,1.00
2018.02.08 17:08:33.487,9.71247,9.71369,1.00,1.00
2018.02.08 17:08:34.305,9.7126,9.71382,1.00,1.00
2018.02.08 17:08:34.407,9.71272,9.71396,1.00,1.00
2018.02.08 17:08:34.662,9.7126,9.71382,1.00,1.00
2018.02.08 17:08:35.157,9.71271,9.71393,1.00,1.00
2018.02.08 17:08:37.309,9.71285,9.71407,1.00,1.00
2018.02.08 17:08:38.497,9.71298,9.7142,1.00,1.00
2018.02.08 17:08:38.801,9.71284,9.71406,1.00,1.00
2018.02.08 17:08:39.132,9.71296,9.71418,1.00,1.00
2018.02.08 17:08:40.661,9.7131,9.71432,1.00,1.00
2018.02.08 17:08:40.984,9.71298,9.7142,1.00,1.00
2018.02.08 17:08:42.115,9.71311,9.71433,1.00,1.00
2018.02.08 17:08:42.166,9.71322,9.71446,1.00,1.00
2018.02.08 17:08:45.717,9.71311,9.71433,1.00,1.00
2018.02.08 17:08:46.064,9.71327,9.71449,1.00,1.00
2018.02.08 17:08:46.367,9.71353,9.71475,1.00,1.00
2018.02.08 17:08:46.674,9.71317,9.71439,1.00,1.00
2018.02.08 17:08:46.982,9.71305,9.71427,1.00,1.00
2018.02.08 17:08:47.607,9.71317,9.71439,1.00,1.00
2018.02.08 17:08:47.912,9.71305,9.71427,1.00,1.00
2018.02.08 17:08:48.303,9.71293,9.71415,1.00,1.00
2018.02.08 17:08:50.637,9.713,9.71422,1.00,1.00
2018.02.08 17:08:51.253,9.71287,9.71409,1.00,1.00
2018.02.08 17:08:51.563,9.713,9.71422,1.00,1.00
2018.02.08 17:08:53.695,9.71304,9.71428,1.00,1.00
2018.02.08 17:08:57.278,9.71293,9.71415,1.00,1.00
2018.02.08 17:08:57.588,9.71308,9.7143,1.00,1.00
2018.02.08 17:08:57.894,9.71287,9.71409,1.00,1.00
2018.02.08 17:08:58.895,9.71299,9.71421,1.00,1.00
2018.02.08 17:09:01.180,9.71287,9.71409,1.00,1.00
2018.02.08 17:09:01.395,9.71299,9.71423,1.00,1.00
2018.02.08 17:09:06.581,9.71301,9.71423,1.00,1.00
2018.02.08 17:09:08.165,9.71308,9.7143,1.00,1.00
2018.02.08 17:09:08.529,9.71323,9.71445,1.00,1.00
2018.02.08 17:09:08.968,9.7131,9.71432,1.00,1.00
2018.02.08 17:09:09.810,9.71294,9.71416,1.00,1.00
2018.02.08 17:09:10.139,9.71308,9.7143,1.00,1.00
2018.02.08 17:09:10.730,9.71301,9.71423,1.00,1.00
2018.02.08 17:09:11.036,9.71318,9.7144,1.00,1.00
2018.02.08 17:09:11.406,9.71303,9.71427,1.00,1.00
2018.02.08 17:09:12.650,9.71291,9.71413,1.00,1.00
2018.02.08 17:09:12.990,9.71303,9.71425,1.00,1.00
2018.02.08 17:09:13.306,9.71322,9.71444,1.00,1.00
2018.02.08 17:09:13.409,9.71333,9.71457,1.00,1.00
2018.02.08 17:09:13.553,9.71319,9.71441,1.00,1.00
2018.02.08 17:09:13.883,9.71329,9.71451,1.00,1.00
2018.02.08 17:09:14.243,9.71317,9.71439,1.00,1.00
2018.02.08 17:09:14.581,9.71329,9.71451,1.00,1.00
2018.02.08 17:09:14.913,9.71311,9.71433,1.00,1.00
2018.02.08 17:09:21.423,9.71339,9.71461,1.00,1.00
2018.02.08 17:09:22.196,9.71352,9.71474,1.00,1.00
2018.02.08 17:09:22.537,9.71367,9.71489,1.00,1.00
2018.02.08 17:09:22.892,9.71353,9.71475,1.00,1.00
2018.02.08 17:09:23.198,9.71367,9.71489,1.00,1.00
2018.02.08 17:09:23.533,9.71354,9.71476,1.00,1.00
2018.02.08 17:09:23.845,9.71368,9.7149,1.00,1.00
2018.02.08 17:09:24.454,9.71355,9.71479,1.00,1.00
2018.02.08 17:09:27.832,9.71344,9.71466,1.00,1.00
2018.02.08 17:09:28.091,9.71358,9.71482,1.00,1.00
2018.02.08 17:09:29.155,9.71332,9.71454,1.00,1.00
2018.02.08 17:09:29.473,9.71278,9.714,1.00,1.00
2018.02.08 17:09:29.780,9.71281,9.71403,1.00,1.00
2018.02.08 17:09:30.109,9.71297,9.71419,1.00,1.00
2018.02.08 17:09:30.472,9.71271,9.71393,1.00,1.00
2018.02.08 17:09:30.779,9.71234,9.71356,1.00,1.00
2018.02.08 17:09:31.115,9.71247,9.71369,1.00,1.00
2018.02.08 17:09:32.937,9.71229,9.71351,1.00,1.00
2018.02.08 17:09:33.248,9.71172,9.71294,1.00,1.00
2018.02.08 17:09:33.600,9.7118,9.71302,1.00,1.00
2018.02.08 17:09:33.935,9.71154,9.71276,1.00,1.00
2018.02.08 17:09:36.250,9.71165,9.71287,1.00,1.00
2018.02.08 17:09:39.075,9.7118,9.71302,1.00,1.00
2018.02.08 17:09:40.792,9.71168,9.7129,1.00,1.00
2018.02.08 17:09:44.153,9.71182,9.71306,1.00,1.00
2018.02.08 17:09:46.526,9.71194,9.71318,1.00,1.00
2018.02.08 17:09:46.861,9.71192,9.71314,1.00,1.00
2018.02.08 17:09:47.117,9.71208,9.71332,1.00,1.00
2018.02.08 17:09:49.417,9.71197,9.71319,1.00,1.00
2018.02.08 17:09:50.957,9.71212,9.71334,1.00,1.00
2018.02.08 17:09:51.264,9.71226,9.71348,1.00,1.00
2018.02.08 17:09:51.575,9.71212,9.71334,1.00,1.00
2018.02.08 17:09:53.697,9.71222,9.71344,1.00,1.00
2018.02.08 17:09:54.363,9.7121,9.71332,1.00,1.00
2018.02.08 17:09:54.495,9.71197,9.71321,1.00,1.00
2018.02.08 17:09:54.652,9.71222,9.71346,1.00,1.00
2018.02.08 17:09:54.960,9.71236,9.71358,1.00,1.00
2018.02.08 17:09:55.443,9.71224,9.71346,1.00,1.00
2018.02.08 17:09:56.060,9.71225,9.71347,1.00,1.00
2018.02.08 17:09:59.561,9.71242,9.71364,1.00,1.00
2018.02.08 17:10:00.320,9.71229,9.71351,1.00,1.00
2018.02.08 17:10:00.629,9.71241,9.71363,1.00,1.00
2018.02.08 17:10:01.126,9.71228,9.7135,1.00,1.00
2018.02.08 17:10:01.753,9.71241,9.71363,1.00,1.00
2018.02.08 17:10:04.062,9.71254,9.71376,1.00,1.00
2018.02.08 17:10:04.874,9.71241,9.71363,1.00,1.00
2018.02.08 17:10:08.773,9.71254,9.71376,1.00,1.00
2018.02.08 17:10:10.569,9.71242,9.71364,1.00,1.00
2018.02.08 17:10:12.156,9.7123,9.71352,1.00,1.00
2018.02.08 17:10:12.577,9.71246,9.71368,1.00,1.00
2018.02.08 17:10:12.915,9.71227,9.71349,1.00,1.00
2018.02.08 17:10:13.252,9.71244,9.71366,1.00,1.00
2018.02.08 17:10:13.696,9.71238,9.7136,1.00,1.00
2018.02.08 17:10:14.239,9.71226,9.71348,1.00,1.00
2018.02.08 17:10:16.786,9.71241,9.71363,1.00,1.00
2018.02.08 17:10:17.136,9.71254,9.71376,1.00,1.00
2018.02.08 17:10:17.503,9.71236,9.71358,1.00,1.00
2018.02.08 17:10:23.035,9.7122,9.71342,1.00,1.00
2018.02.08 17:10:23.748,9.71194,9.71316,1.00,1.00
2018.02.08 17:10:23.853,9.71162,9.71286,1.00,1.00
2018.02.08 17:10:23.958,9.7112,9.71242,1.00,1.00
2018.02.08 17:10:24.295,9.71077,9.71199,1.00,1.00
2018.02.08 17:10:25.346,9.71046,9.71168,1.00,1.00
2018.02.08 17:10:25.654,9.70994,9.71116,1.00,1.00
2018.02.08 17:10:30.364,9.71008,9.7113,1.00,1.00
2018.02.08 17:10:30.669,9.70905,9.71027,1.00,1.00
2018.02.08 17:10:30.975,9.70872,9.70994,1.00,1.00
2018.02.08 17:10:32.619,9.7086,9.70982,1.00,1.00
2018.02.08 17:10:33.748,9.70857,9.70979,1.00,1.00
2018.02.08 17:10:40.124,9.70843,9.70967,1.00,1.00
2018.02.08 17:10:40.228,9.70831,9.70953,1.00,1.00
2018.02.08 17:10:41.115,9.7082,9.70942,1.00,1.00
2018.02.08 17:10:41.300,9.70807,9.70931,1.00,1.00
2018.02.08 17:10:41.351,9.7079,9.70912,1.00,1.00
2018.02.08 17:10:41.657,9.70764,9.70886,1.00,1.00
2018.02.08 17:10:41.708,9.70715,9.70936,1.00,1.00
2018.02.08 17:10:41.865,9.70743,9.70865,1.00,1.00
2018.02.08 17:10:42.177,9.70756,9.70878,1.00,1.00
2018.02.08 17:10:45.124,9.70791,9.70913,1.00,1.00
2018.02.08 17:10:45.436,9.70765,9.70887,1.00,1.00
2018.02.08 17:10:46.554,9.70753,9.70875,1.00,1.00
2018.02.08 17:10:47.566,9.70772,9.70894,1.00,1.00
2018.02.08 17:10:50.181,9.70776,9.70894,1.00,1.00
2018.02.08 17:10:50.232,9.70779,9.70901,1.00,1.00
2018.02.08 17:10:50.283,9.70791,9.70913,1.00,1.00
2018.02.08 17:10:50.538,9.70816,9.7094,1.00,1.00
2018.02.08 17:10:52.442,9.70829,9.70951,1.00,1.00
2018.02.08 17:10:53.695,9.70831,9.70953,1.00,1.00
2018.02.08 17:10:55.398,9.70861,9.70983,1.00,1.00
2018.02.08 17:10:57.484,9.70879,9.71001,1.00,1.00
2018.02.08 17:10:57.787,9.70865,9.70987,1.00,1.00
2018.02.08 17:11:02.409,9.70878,9.71,1.00,1.00
2018.02.08 17:11:03.830,9.70897,9.71019,1.00,1.00
2018.02.08 17:11:04.144,9.70912,9.71034,1.00,1.00
2018.02.08 17:11:05.538,9.70926,9.71048,1.00,1.00
2018.02.08 17:11:08.525,9.7094,9.71062,1.00,1.00
2018.02.08 17:11:12.694,9.70928,9.7105,1.00,1.00
2018.02.08 17:11:13.019,9.70958,9.7108,1.00,1.00
2018.02.08 17:11:13.740,9.70967,9.71089,1.00,1.00
2018.02.08 17:11:15.107,9.70982,9.71104,1.00,1.00
2018.02.08 17:11:15.434,9.70996,9.71118,1.00,1.00
2018.02.08 17:11:19.501,9.71008,9.7113,1.00,1.00
2018.02.08 17:11:19.819,9.71022,9.71144,1.00,1.00
2018.02.08 17:11:20.126,9.71009,9.71131,1.00,1.00
2018.02.08 17:11:23.288,9.71035,9.71151,1.00,1.00
2018.02.08 17:11:23.340,9.71035,9.71157,1.00,1.00
2018.02.08 17:11:23.495,9.71049,9.71173,1.00,1.00
2018.02.08 17:11:23.856,9.71037,9.71159,1.00,1.00
2018.02.08 17:11:24.476,9.71025,9.71147,1.00,1.00
2018.02.08 17:11:27.975,9.71007,9.71129,1.00,1.00
2018.02.08 17:11:30.548,9.71023,9.71145,1.00,1.00
2018.02.08 17:11:30.883,9.71007,9.71129,1.00,1.00
2018.02.08 17:11:31.314,9.71022,9.71144,1.00,1.00
2018.02.08 17:11:31.798,9.7101,9.71132,1.00,1.00
2018.02.08 17:11:32.129,9.71022,9.71144,1.00,1.00
2018.02.08 17:11:33.712,9.71023,9.71147,1.00,1.00
2018.02.08 17:11:34.059,9.71012,9.71134,1.00,1.00
2018.02.08 17:11:34.467,9.71023,9.71145,1.00,1.00
2018.02.08 17:11:34.813,9.71012,9.71134,1.00,1.00
2018.02.08 17:11:36.467,9.71024,9.71146,1.00,1.00
2018.02.08 17:11:39.761,9.71004,9.71126,1.00,1.00
2018.02.08 17:11:49.642,9.71028,9.7115,1.00,1.00
2018.02.08 17:11:52.108,9.71041,9.71163,1.00,1.00
2018.02.08 17:11:53.713,9.71043,9.71167,1.00,1.00
2018.02.08 17:11:54.203,9.71046,9.71168,1.00,1.00
2018.02.08 17:11:59.446,9.71059,9.71181,1.00,1.00
2018.02.08 17:12:03.126,9.71047,9.71169,1.00,1.00
2018.02.08 17:12:13.696,9.71043,9.71165,1.00,1.00
2018.02.08 17:12:24.784,9.71028,9.7115,1.00,1.00
2018.02.08 17:12:25.145,9.71041,9.71163,1.00,1.00
2018.02.08 17:12:28.994,9.71028,9.7115,1.00,1.00
2018.02.08 17:12:29.302,9.71041,9.71163,1.00,1.00
2018.02.08 17:12:29.876,9.71029,9.71151,1.00,1.00
2018.02.08 17:12:30.177,9.71041,9.71163,1.00,1.00
2018.02.08 17:12:30.486,9.71029,9.71151,1.00,1.00
2018.02.08 17:12:33.696,9.71024,9.71148,1.00,1.00
2018.02.08 17:12:35.626,9.71065,9.71187,1.00,1.00
2018.02.08 17:12:36.083,9.71077,9.71199,1.00,1.00
2018.02.08 17:12:38.404,9.71064,9.71186,1.00,1.00
2018.02.08 17:12:38.762,9.71077,9.71199,1.00,1.00
2018.02.08 17:12:39.143,9.71082,9.71204,1.00,1.00
2018.02.08 17:12:42.411,9.71087,9.71211,1.00,1.00
2018.02.08 17:12:45.605,9.711,9.71222,1.00,1.00
2018.02.08 17:12:50.302,9.71032,9.71154,1.00,1.00
2018.02.08 17:12:50.405,9.7099,9.71114,1.00,1.00
2018.02.08 17:12:50.457,9.70973,9.71095,1.00,1.00
2018.02.08 17:12:50.766,9.70913,9.71035,1.00,1.00
2018.02.08 17:12:53.420,9.70868,9.7099,1.00,1.00
2018.02.08 17:12:53.725,9.70819,9.70941,1.00,1.00
2018.02.08 17:12:54.031,9.70806,9.70928,1.00,1.00
2018.02.08 17:12:54.364,9.70794,9.70916,1.00,1.00
2018.02.08 17:12:55.107,9.7078,9.70902,1.00,1.00
2018.02.08 17:12:55.412,9.70768,9.7089,1.00,1.00
2018.02.08 17:12:59.976,9.70739,9.70861,1.00,1.00
2018.02.08 17:13:00.285,9.70724,9.70846,1.00,1.00
2018.02.08 17:13:02.356,9.70711,9.70835,1.00,1.00
2018.02.08 17:13:04.490,9.707,9.70822,1.00,1.00
2018.02.08 17:13:10.178,9.70675,9.70797,1.00,1.00
2018.02.08 17:13:12.933,9.7066,9.70782,1.00,1.00
2018.02.08 17:13:13.780,9.70653,9.70775,1.00,1.00
2018.02.08 17:13:14.389,9.70639,9.70761,1.00,1.00
2018.02.08 17:13:15.581,9.70624,9.70748,1.00,1.00
2018.02.08 17:13:15.633,9.70611,9.70733,1.00,1.00
2018.02.08 17:13:15.945,9.70586,9.70708,1.00,1.00
2018.02.08 17:13:16.336,9.70604,9.70726,1.00,1.00
2018.02.08 17:13:16.761,9.7059,9.70712,1.00,1.00
2018.02.08 17:13:18.719,9.70602,9.70724,1.00,1.00
2018.02.08 17:13:19.213,9.70589,9.70711,1.00,1.00
2018.02.08 17:13:23.353,9.70575,9.70697,1.45,1.00
2018.02.08 17:13:23.405,9.70575,9.70697,1.00,1.00
2018.02.08 17:13:26.556,9.70561,9.70683,1.00,1.00
2018.02.08 17:13:26.862,9.70549,9.70671,1.00,1.00
2018.02.08 17:13:30.564,9.70561,9.70683,1.00,1.00
2018.02.08 17:13:31.116,9.70549,9.70671,1.00,1.00
2018.02.08 17:13:31.421,9.70536,9.70658,1.00,1.00
2018.02.08 17:13:33.740,9.70539,9.70661,1.00,1.00
2018.02.08 17:13:34.489,9.70539,9.70661,1.45,1.00
2018.02.08 17:13:34.658,9.70539,9.70661,1.00,1.00
2018.02.08 17:13:35.082,9.70539,9.70661,1.45,1.00
2018.02.08 17:13:35.273,9.70539,9.70661,1.00,1.00
2018.02.08 17:13:35.324,9.70539,9.70661,1.45,1.00
2018.02.08 17:13:35.376,9.70553,9.70675,1.00,1.00
2018.02.08 17:13:35.480,9.70564,9.70688,1.00,1.00
2018.02.08 17:13:35.645,9.70577,9.70699,1.00,1.00
2018.02.08 17:13:37.087,9.70589,9.70711,1.00,1.00
2018.02.08 17:13:37.396,9.70602,9.70724,1.00,1.00
2018.02.08 17:13:39.659,9.70615,9.70737,1.00,1.00
2018.02.08 17:13:42.018,9.70627,9.70749,1.00,1.00
2018.02.08 17:13:43.029,9.70642,9.70764,1.00,1.00
2018.02.08 17:13:44.617,9.70658,9.7078,1.00,1.00
2018.02.08 17:13:45.390,9.70671,9.70793,1.00,1.00
2018.02.08 17:13:47.477,9.70685,9.70809,1.00,1.00
2018.02.08 17:13:47.530,9.70698,9.70822,1.00,1.00
2018.02.08 17:13:49.965,9.70712,9.70834,1.00,1.00
2018.02.08 17:13:50.432,9.70725,9.70847,1.00,1.00
2018.02.08 17:13:52.733,9.70713,9.70835,1.00,1.00
2018.02.08 17:13:53.042,9.70725,9.70847,1.00,1.00
2018.02.08 17:13:53.696,9.70722,9.70844,1.00,1.00
2018.02.08 17:13:57.702,9.70733,9.70857,1.00,1.00
2018.02.08 17:13:57.753,9.70751,9.70873,1.00,1.00
2018.02.08 17:13:58.059,9.70765,9.70887,1.00,1.00
2018.02.08 17:13:59.673,9.7078,9.70902,1.00,1.00
2018.02.08 17:13:59.997,9.70792,9.70914,1.00,1.00
2018.02.08 17:14:02.554,9.70804,9.70926,1.00,1.00
2018.02.08 17:14:08.105,9.70818,9.7094,1.00,1.00
2018.02.08 17:14:08.411,9.70831,9.70953,1.00,1.00
2018.02.08 17:14:12.611,9.70845,9.70967,1.00,1.00
2018.02.08 17:14:13.595,9.70832,9.70954,1.00,1.00
2018.02.08 17:14:13.903,9.70824,9.70946,1.00,1.00
2018.02.08 17:14:14.919,9.70799,9.70921,1.00,1.00
2018.02.08 17:14:15.512,9.70787,9.70909,1.00,1.00
2018.02.08 17:14:16.470,9.70772,9.70896,1.00,1.00
2018.02.08 17:14:16.623,9.70759,9.70881,1.00,1.00
2018.02.08 17:14:16.928,9.70775,9.70897,1.00,1.00
2018.02.08 17:14:19.079,9.70763,9.70885,1.00,1.00
2018.02.08 17:14:19.483,9.70751,9.70873,1.00,1.00
2018.02.08 17:14:21.246,9.70739,9.70861,1.00,1.00
2018.02.08 17:14:21.736,9.70722,9.70844,1.00,1.00
2018.02.08 17:14:22.094,9.70709,9.70831,1.00,1.00
2018.02.08 17:14:23.689,9.70697,9.70819,1.00,1.00
2018.02.08 17:14:26.043,9.70715,9.70837,1.00,1.00
2018.02.08 17:14:26.779,9.70758,9.7088,1.00,1.00
2018.02.08 17:14:28.262,9.70773,9.70895,1.00,1.00
2018.02.08 17:14:28.598,9.70771,9.70893,1.00,1.00
2018.02.08 17:14:29.010,9.70786,9.70908,1.00,1.00
2018.02.08 17:14:29.436,9.70765,9.70889,1.00,1.00
2018.02.08 17:14:29.560,9.70779,9.70903,1.00,1.00
2018.02.08 17:14:30.768,9.70793,9.70915,1.00,1.00
2018.02.08 17:14:31.699,9.70769,9.70891,1.00,1.00
2018.02.08 17:14:32.015,9.70828,9.70952,1.00,1.00
2018.02.08 17:14:32.066,9.70855,9.7097,1.00,1.00
2018.02.08 17:14:32.117,9.70855,9.70977,1.00,1.00
2018.02.08 17:14:32.271,9.70842,9.70964,1.00,1.00
2018.02.08 17:14:32.577,9.70807,9.70929,1.00,1.00
2018.02.08 17:14:33.707,9.70804,9.70926,1.00,1.00
2018.02.08 17:14:35.342,9.70784,9.70906,1.00,1.00
2018.02.08 17:14:35.671,9.708,9.70922,1.00,1.00
2018.02.08 17:14:35.982,9.70765,9.70887,1.00,1.00
2018.02.08 17:14:36.467,9.70778,9.709,1.00,1.00
2018.02.08 17:14:36.798,9.70761,9.70883,1.00,1.00
2018.02.08 17:14:37.636,9.70772,9.70894,1.00,1.00
2018.02.08 17:14:39.571,9.70753,9.70877,1.00,1.00
2018.02.08 17:14:40.294,9.70766,9.70888,1.00,1.00
2018.02.08 17:14:40.601,9.7075,9.70872,1.00,1.00
2018.02.08 17:14:42.552,9.70762,9.70884,1.00,1.00
2018.02.08 17:14:42.858,9.70835,9.70957,1.00,1.00
2018.02.08 17:14:43.317,9.70866,9.70988,1.00,1.00
2018.02.08 17:14:43.623,9.70839,9.70961,1.00,1.00
2018.02.08 17:14:43.960,9.70952,9.71074,1.00,1.00
2018.02.08 17:14:44.308,9.71021,9.71143,1.00,1.00
2018.02.08 17:14:44.623,9.71296,9.71406,1.00,1.00
2018.02.08 17:14:44.676,9.71282,9.71404,1.00,1.00
2018.02.08 17:14:44.728,9.71298,9.7142,1.00,1.00
2018.02.08 17:14:45.089,9.71319,9.71441,1.00,1.00
2018.02.08 17:14:45.398,9.71331,9.71453,1.00,1.00
2018.02.08 17:14:45.900,9.71343,9.71465,1.00,1.00
2018.02.08 17:14:46.216,9.71349,9.71471,1.00,1.00
2018.02.08 17:14:47.199,9.71385,9.71507,1.00,1.00
2018.02.08 17:14:47.506,9.71369,9.71491,1.00,1.00
2018.02.08 17:14:47.852,9.71407,9.71529,1.00,1.00
2018.02.08 17:14:50.047,9.7142,9.71542,1.00,1.00
2018.02.08 17:14:52.215,9.71406,9.71528,1.00,1.00
2018.02.08 17:14:53.658,9.71444,9.71566,1.00,1.00
2018.02.08 17:14:53.971,9.71465,9.71587,1.00,1.00
2018.02.08 17:14:54.663,9.71452,9.71574,1.00,1.00
2018.02.08 17:14:56.484,9.71464,9.71586,1.00,1.00
2018.02.08 17:14:57.233,9.71475,9.71597,1.00,1.00
2018.02.08 17:14:57.548,9.71492,9.71614,1.00,1.00
2018.02.08 17:14:58.775,9.71511,9.71633,1.00,1.00
2018.02.08 17:14:59.111,9.71552,9.71674,1.00,1.00
2018.02.08 17:14:59.655,9.71539,9.71661,1.00,1.00
2018.02.08 17:14:59.976,9.71564,9.71686,1.00,1.00
2018.02.08 17:15:00.028,9.71576,9.717,1.00,1.00
2018.02.08 17:15:00.165,9.71618,9.71742,1.00,1.00
2018.02.08 17:15:00.483,9.71631,9.71753,1.00,1.00
2018.02.08 17:15:00.820,9.71643,9.71765,1.00,1.00
2018.02.08 17:15:00.874,9.71654,9.71778,1.00,1.00
2018.02.08 17:15:01.131,9.7167,9.71792,1.00,1.00
2018.02.08 17:15:01.469,9.71658,9.7178,1.00,1.00
2018.02.08 17:15:02.096,9.7167,9.71792,1.00,1.00
2018.02.08 17:15:02.445,9.71637,9.71759,1.00,1.00
2018.02.08 17:15:02.757,9.71625,9.71747,1.00,1.00
2018.02.08 17:15:04.762,9.71612,9.71734,1.00,1.00
2018.02.08 17:15:10.190,9.716,9.71722,1.00,1.00
2018.02.08 17:15:12.558,9.71576,9.71698,1.00,1.00
2018.02.08 17:15:12.713,9.71589,9.71713,1.00,1.00
2018.02.08 17:15:12.933,9.7157,9.71692,1.00,1.00
2018.02.08 17:15:13.243,9.71552,9.71674,1.00,1.00
2018.02.08 17:15:13.746,9.7155,9.71672,1.00,1.00
2018.02.08 17:15:16.114,9.71538,9.7166,1.00,1.00
2018.02.08 17:15:16.428,9.7155,9.71672,1.00,1.00
2018.02.08 17:15:16.737,9.71539,9.71661,1.00,1.00
2018.02.08 17:15:18.639,9.71525,9.71649,1.00,1.00
2018.02.08 17:15:18.874,9.71539,9.71661,1.00,1.00
2018.02.08 17:15:29.740,9.71526,9.71648,1.00,1.00
2018.02.08 17:15:33.736,9.7152,9.71642,1.00,1.00
2018.02.08 17:15:37.702,9.71531,9.71653,1.00,1.00
2018.02.08 17:15:38.134,9.71518,9.7164,1.00,1.00
2018.02.08 17:15:43.742,9.71536,9.71658,1.00,1.00
2018.02.08 17:15:44.192,9.71549,9.71671,1.00,1.00
2018.02.08 17:15:44.297,9.71564,9.71688,1.00,1.00
2018.02.08 17:15:44.467,9.71594,9.71716,1.00,1.00
2018.02.08 17:15:44.937,9.71606,9.71728,1.00,1.00
2018.02.08 17:15:45.610,9.71618,9.7174,1.00,1.00
2018.02.08 17:15:49.336,9.71631,9.71753,1.00,1.00
2018.02.08 17:15:50.154,9.71643,9.71765,1.00,1.00
2018.02.08 17:15:50.984,9.71631,9.71753,1.00,1.00
2018.02.08 17:15:52.071,9.71645,9.71767,1.00,1.00
2018.02.08 17:15:53.615,9.71664,9.71786,1.00,1.00
2018.02.08 17:15:53.924,9.71705,9.71827,1.00,1.00
2018.02.08 17:15:54.233,9.71753,9.71875,1.00,1.00
2018.02.08 17:15:55.649,9.7174,9.71862,1.00,1.00
2018.02.08 17:15:55.985,9.71757,9.71877,1.00,1.00
2018.02.08 17:15:56.476,9.71769,9.71877,1.00,1.00
2018.02.08 17:15:56.681,9.71769,9.71891,1.00,1.50
2018.02.08 17:15:56.849,9.71782,9.71891,1.00,1.00
2018.02.08 17:15:57.057,9.71782,9.71901,1.00,1.00
2018.02.08 17:15:57.109,9.71794,9.71901,1.00,1.00
2018.02.08 17:15:57.354,9.7178,9.71901,1.00,1.00
2018.02.08 17:15:58.578,9.71768,9.71892,1.00,1.00
2018.02.08 17:15:58.974,9.71732,9.71854,1.00,1.00
2018.02.08 17:16:00.067,9.71716,9.71838,1.00,1.00
2018.02.08 17:16:00.376,9.71639,9.71761,1.00,1.00
2018.02.08 17:16:00.903,9.71623,9.71745,1.00,1.00
2018.02.08 17:16:01.212,9.71635,9.71757,1.00,1.00
2018.02.08 17:16:02.987,9.71622,9.71744,1.00,1.00
2018.02.08 17:16:03.640,9.71634,9.71756,1.00,1.00
2018.02.08 17:16:07.154,9.71647,9.71769,1.00,1.00
2018.02.08 17:16:13.588,9.71662,9.71784,1.00,1.00
2018.02.08 17:16:13.934,9.71686,9.71808,1.00,1.00
2018.02.08 17:16:23.589,9.71688,9.71808,1.00,1.00
2018.02.08 17:16:23.641,9.71708,9.7183,1.00,1.50
2018.02.08 17:16:23.846,9.71721,9.71841,1.00,1.00
2018.02.08 17:16:24.266,9.71721,9.71843,1.00,1.00
2018.02.08 17:16:28.836,9.71733,9.71845,1.00,1.00
2018.02.08 17:16:31.172,9.71733,9.71855,1.00,1.00
2018.02.08 17:16:32.005,9.71744,9.71856,1.00,1.00
2018.02.08 17:16:32.311,9.71742,9.71864,1.00,1.00
2018.02.08 17:16:32.619,9.71754,9.71866,1.00,1.00
2018.02.08 17:16:33.694,9.7175,9.71866,1.00,1.00
2018.02.08 17:16:34.794,9.7175,9.71869,1.00,1.00
2018.02.08 17:16:36.492,9.71739,9.71861,1.00,1.00
2018.02.08 17:16:39.063,9.71757,9.71869,1.00,1.00
2018.02.08 17:16:40.190,9.7177,9.71876,1.00,1.00
2018.02.08 17:16:40.241,9.7177,9.7189,1.00,1.00
2018.02.08 17:16:40.337,9.71791,9.71913,1.00,1.00
2018.02.08 17:16:40.390,9.71828,9.71925,1.00,1.00
2018.02.08 17:16:40.647,9.71792,9.71914,1.00,1.00
2018.02.08 17:16:40.699,9.71806,9.71915,1.00,1.00
2018.02.08 17:16:40.855,9.71791,9.71913,1.00,1.00
2018.02.08 17:16:40.959,9.71791,9.71904,1.00,1.00
2018.02.08 17:16:41.797,9.71804,9.71914,1.00,1.00
2018.02.08 17:16:42.109,9.71818,9.71914,1.00,1.00
2018.02.08 17:16:42.163,9.71802,9.71914,1.00,1.00
2018.02.08 17:16:43.041,9.71825,9.71937,1.00,1.00
2018.02.08 17:16:43.093,9.71886,9.72008,1.00,1.00
2018.02.08 17:16:43.148,9.71905,9.72027,1.00,1.00
2018.02.08 17:16:43.492,9.71957,9.72079,1.00,1.00
2018.02.08 17:16:47.295,9.71938,9.7206,1.00,1.00
2018.02.08 17:16:47.639,9.71923,9.72045,1.00,1.00
2018.02.08 17:16:47.692,9.71906,9.7203,1.00,1.00
2018.02.08 17:16:47.855,9.71893,9.72015,1.00,1.00
2018.02.08 17:16:50.544,9.71878,9.72,1.00,1.00
2018.02.08 17:16:50.891,9.71866,9.71988,1.00,1.00
2018.02.08 17:16:51.315,9.71852,9.71976,1.00,1.00
2018.02.08 17:16:52.138,9.7184,9.71962,1.00,1.00
2018.02.08 17:16:52.448,9.71828,9.7195,1.00,1.00
2018.02.08 17:16:52.788,9.7183,9.71952,1.00,1.00
2018.02.08 17:16:53.694,9.71825,9.71947,1.00,1.00
2018.02.08 17:16:54.590,9.71813,9.71935,1.00,1.00
2018.02.08 17:16:54.944,9.71824,9.71946,1.00,1.00
2018.02.08 17:16:55.275,9.71836,9.71958,1.00,1.00
2018.02.08 17:16:55.626,9.71822,9.71944,1.00,1.00
2018.02.08 17:16:56.477,9.71791,9.71913,1.00,1.00
2018.02.08 17:16:56.846,9.71802,9.71926,1.00,1.00
2018.02.08 17:17:00.166,9.71786,9.71908,1.00,1.00
2018.02.08 17:17:01.232,9.71773,9.71895,1.00,1.00
2018.02.08 17:17:01.613,9.71761,9.71883,1.00,1.00
2018.02.08 17:17:01.922,9.71799,9.71921,1.00,1.00
2018.02.08 17:17:02.228,9.71803,9.71925,1.00,1.00
2018.02.08 17:17:02.279,9.7179,9.71914,1.00,1.00
2018.02.08 17:17:03.441,9.71768,9.7189,1.00,1.00
2018.02.08 17:17:03.747,9.71752,9.71874,1.00,1.00
2018.02.08 17:17:04.058,9.71733,9.71855,1.00,1.00
2018.02.08 17:17:04.405,9.71723,9.71845,1.00,1.00
2018.02.08 17:17:04.710,9.71699,9.71821,1.00,1.00
2018.02.08 17:17:05.047,9.71756,9.7188,1.00,1.00
2018.02.08 17:17:05.150,9.71768,9.7189,1.00,1.00
2018.02.08 17:17:05.937,9.71751,9.71873,1.00,1.00
2018.02.08 17:17:07.868,9.71766,9.71888,1.00,1.00
2018.02.08 17:17:10.176,9.71753,9.71875,1.00,1.00
2018.02.08 17:17:11.182,9.71739,9.71863,1.00,1.00
2018.02.08 17:17:11.285,9.71724,9.71846,1.00,1.00
2018.02.08 17:17:11.440,9.71711,9.71835,1.00,1.00
2018.02.08 17:17:11.492,9.71698,9.7182,1.00,1.00
2018.02.08 17:17:11.831,9.71641,9.71763,1.00,1.00
2018.02.08 17:17:12.169,9.71653,9.71775,1.00,1.00
2018.02.08 17:17:12.467,9.71637,9.71761,1.00,1.00
2018.02.08 17:17:12.813,9.71615,9.71737,1.00,1.00
2018.02.08 17:17:13.020,9.71597,9.71721,1.00,1.00
2018.02.08 17:17:13.073,9.71572,9.71694,1.00,1.00
2018.02.08 17:17:13.125,9.71558,9.71682,1.00,1.00
2018.02.08 17:17:13.267,9.71572,9.71694,1.00,1.00
2018.02.08 17:17:13.526,9.71519,9.71643,1.00,1.00
2018.02.08 17:17:13.742,9.71527,9.71651,1.00,1.00
2018.02.08 17:17:15.870,9.71516,9.71638,1.00,1.00
2018.02.08 17:17:17.200,9.71504,9.71626,1.00,1.00
2018.02.08 17:17:17.516,9.71492,9.71614,1.00,1.00
2018.02.08 17:17:17.824,9.71463,9.71585,1.00,1.00
2018.02.08 17:17:17.978,9.71427,9.71551,1.00,1.00
2018.02.08 17:17:19.511,9.71415,9.71539,1.00,1.00
2018.02.08 17:17:28.000,9.714,9.71524,1.00,1.00
2018.02.08 17:17:28.338,9.71392,9.71514,1.00,1.00
2018.02.08 17:17:28.698,9.71408,9.7153,1.00,1.00
2018.02.08 17:17:29.036,9.71391,9.71513,1.00,1.00
2018.02.08 17:17:32.072,9.71404,9.71526,1.00,1.00
2018.02.08 17:17:38.363,9.71375,9.71497,1.00,1.00
2018.02.08 17:17:38.677,9.7142,9.71542,1.00,1.00
2018.02.08 17:17:43.166,9.71438,9.7156,1.00,1.00
2018.02.08 17:17:43.478,9.71598,9.7172,1.00,1.00
2018.02.08 17:17:43.809,9.71674,9.71796,1.00,1.00
2018.02.08 17:17:44.120,9.71664,9.71786,1.00,1.00
2018.02.08 17:17:45.373,9.71649,9.71771,1.00,1.00
2018.02.08 17:17:46.085,9.71666,9.71788,1.00,1.00
2018.02.08 17:17:47.066,9.71679,9.71801,1.00,1.00
2018.02.08 17:17:50.584,9.71691,9.71813,1.00,1.00
2018.02.08 17:17:51.964,9.71656,9.71738,1.00,2.10
2018.02.08 17:17:52.016,9.71531,9.71653,1.00,1.00
2018.02.08 17:17:52.068,9.71487,9.71609,1.00,1.00
2018.02.08 17:17:52.396,9.71573,9.71695,1.00,1.00
2018.02.08 17:17:52.709,9.71585,9.71707,1.00,1.00
2018.02.08 17:17:53.116,9.71572,9.71694,1.00,1.00
2018.02.08 17:17:53.747,9.71577,9.71699,1.00,1.00
2018.02.08 17:17:55.374,9.71564,9.71686,1.00,1.00
2018.02.08 17:17:56.851,9.71552,9.71674,1.00,1.00
2018.02.08 17:17:57.163,9.71528,9.7165,1.00,1.00
2018.02.08 17:18:00.405,9.71514,9.71636,1.00,1.00
2018.02.08 17:18:01.882,9.71498,9.7162,1.00,1.00
2018.02.08 17:18:02.222,9.715,9.71622,1.00,1.00
2018.02.08 17:18:02.926,9.71492,9.71614,1.00,1.00
2018.02.08 17:18:05.490,9.71477,9.71599,1.00,1.00
2018.02.08 17:18:07.966,9.7149,9.71612,1.00,1.00
2018.02.08 17:18:08.277,9.71477,9.71599,1.00,1.00
2018.02.08 17:18:11.127,9.71489,9.71611,1.00,1.00
2018.02.08 17:18:11.441,9.71477,9.71599,1.00,1.00
2018.02.08 17:18:12.201,9.71464,9.71586,1.00,1.00
2018.02.08 17:18:12.737,9.71476,9.71598,1.00,1.00
2018.02.08 17:18:13.040,9.71461,9.71583,1.00,1.00
2018.02.08 17:18:13.271,9.71477,9.71601,1.00,1.00
2018.02.08 17:18:13.714,9.71469,9.71591,1.00,1.00
2018.02.08 17:18:15.495,9.71455,9.71577,1.00,1.00
2018.02.08 17:18:15.816,9.71467,9.71589,1.00,1.00
2018.02.08 17:18:23.602,9.71455,9.71577,1.00,1.00
2018.02.08 17:18:24.499,9.71468,9.7159,1.00,1.00
2018.02.08 17:18:24.551,9.71455,9.71579,1.00,1.00
2018.02.08 17:18:25.255,9.71475,9.71597,1.00,1.00
2018.02.08 17:18:33.695,9.71473,9.71595,1.00,1.00
2018.02.08 17:18:36.772,9.71486,9.71608,1.00,1.00
2018.02.08 17:18:37.243,9.71474,9.71596,1.00,1.00
2018.02.08 17:18:42.352,9.71458,9.7158,1.00,1.00
2018.02.08 17:18:42.660,9.71434,9.71556,1.00,1.00
2018.02.08 17:18:42.967,9.71422,9.71544,1.00,1.00
2018.02.08 17:18:45.097,9.71434,9.71556,1.00,1.00
2018.02.08 17:18:46.601,9.71421,9.71543,1.00,1.00
2018.02.08 17:18:47.124,9.71407,9.71529,1.00,1.00
2018.02.08 17:18:52.397,9.7142,9.71542,1.00,1.00
2018.02.08 17:18:52.656,9.71394,9.71518,1.00,1.00
2018.02.08 17:18:53.016,9.71415,9.71537,1.00,1.00
2018.02.08 17:18:53.356,9.71396,9.71518,1.00,1.00
2018.02.08 17:18:53.663,9.71382,9.71504,1.00,1.00
2018.02.08 17:18:54.011,9.71371,9.71493,1.00,1.00
2018.02.08 17:18:55.624,9.71355,9.71477,1.00,1.00
2018.02.08 17:18:55.987,9.7137,9.71492,1.00,1.00
2018.02.08 17:19:01.683,9.71353,9.71475,1.00,1.00
2018.02.08 17:19:02.015,9.71332,9.71456,1.00,1.00
2018.02.08 17:19:02.067,9.71345,9.71467,1.00,1.00
2018.02.08 17:19:04.255,9.71328,9.7145,1.00,1.00
2018.02.08 17:19:08.280,9.71316,9.71438,1.00,1.00
2018.02.08 17:19:08.626,9.71344,9.71466,1.00,1.00
2018.02.08 17:19:08.948,9.71342,9.71464,1.00,1.00
2018.02.08 17:19:09.258,9.7133,9.71452,1.00,1.00
2018.02.08 17:19:10.845,9.71318,9.7144,1.00,1.00
2018.02.08 17:19:12.533,9.71304,9.71428,1.00,1.00
2018.02.08 17:19:13.223,9.7132,9.71444,1.00,1.00
2018.02.08 17:19:13.747,9.71319,9.71441,1.00,1.00
2018.02.08 17:19:14.399,9.71333,9.71455,1.00,1.00
2018.02.08 17:19:17.046,9.71321,9.71443,1.00,1.00
2018.02.08 17:19:20.603,9.71337,9.71459,1.00,1.00
2018.02.08 17:19:21.633,9.71323,9.71445,1.00,1.00
2018.02.08 17:19:26.702,9.71335,9.71457,1.00,1.00
2018.02.08 17:19:28.656,9.71323,9.71445,1.00,1.00
2018.02.08 17:19:33.696,9.71321,9.71443,1.00,1.00
2018.02.08 17:19:34.885,9.71309,9.71431,1.00,1.00
2018.02.08 17:19:37.717,9.71329,9.71451,1.00,1.00
2018.02.08 17:19:39.842,9.7134,9.71464,1.00,1.00
2018.02.08 17:19:39.894,9.71353,9.71475,1.00,1.00
2018.02.08 17:19:40.200,9.71335,9.71457,1.00,1.00
2018.02.08 17:19:40.793,9.71334,9.71456,1.00,1.00
2018.02.08 17:19:50.658,9.71322,9.71444,1.00,1.00
2018.02.08 17:19:51.455,9.71334,9.71456,1.00,1.00
2018.02.08 17:19:51.846,9.71319,9.71441,1.00,1.00
2018.02.08 17:19:52.191,9.71332,9.71454,1.00,1.00
2018.02.08 17:19:52.688,9.71319,9.71441,1.00,1.00
2018.02.08 17:19:53.141,9.7133,9.71454,1.00,1.00
2018.02.08 17:19:53.747,9.71329,9.71453,1.00,1.00
2018.02.08 17:19:56.098,9.7135,9.71472,1.00,1.00
2018.02.08 17:19:56.921,9.71351,9.71473,1.00,1.00
2018.02.08 17:19:57.384,9.71357,9.71479,1.00,1.00
2018.02.08 17:19:57.693,9.71338,9.7146,1.00,1.00
2018.02.08 17:19:59.160,9.71326,9.71448,1.00,1.00
2018.02.08 17:19:59.469,9.71352,9.71474,1.00,1.00
2018.02.08 17:19:59.816,9.71356,9.71478,1.00,1.00
2018.02.08 17:20:00.964,9.71344,9.71466,1.00,1.00
2018.02.08 17:20:05.458,9.7133,9.71452,1.00,1.00
2018.02.08 17:20:05.842,9.71347,9.71469,1.00,1.00
2018.02.08 17:20:11.611,9.71363,9.71485,1.00,1.00
2018.02.08 17:20:11.914,9.71439,9.71561,1.00,1.00
2018.02.08 17:20:12.282,9.71412,9.71534,1.00,1.00
2018.02.08 17:20:13.366,9.71441,9.71563,1.00,1.00
2018.02.08 17:20:13.673,9.71428,9.7155,1.00,1.00
2018.02.08 17:20:14.210,9.71429,9.71551,1.00,1.00
2018.02.08 17:20:15.433,9.71442,9.71564,1.00,1.00
2018.02.08 17:20:15.761,9.71485,9.71607,1.00,1.00
2018.02.08 17:20:16.078,9.71471,9.71593,1.00,1.00
2018.02.08 17:20:18.291,9.71483,9.71605,1.00,1.00
2018.02.08 17:20:18.499,9.71508,9.71632,1.00,1.00
2018.02.08 17:20:18.604,9.71523,9.71645,1.00,1.00
2018.02.08 17:20:18.952,9.71529,9.71651,1.00,1.00
2018.02.08 17:20:19.376,9.71545,9.71667,1.00,1.00
2018.02.08 17:20:19.784,9.71558,9.7168,1.00,1.00
2018.02.08 17:20:20.089,9.71594,9.71716,1.00,1.00
2018.02.08 17:20:20.856,9.71582,9.71704,1.00,1.00
2018.02.08 17:20:22.715,9.71595,9.71717,1.00,1.00
2018.02.08 17:20:22.766,9.71607,9.71731,1.00,1.00
2018.02.08 17:20:22.818,9.71623,9.71745,1.00,1.00
2018.02.08 17:20:23.202,9.71639,9.71761,1.00,1.00
2018.02.08 17:20:25.864,9.71673,9.71795,1.00,1.00
2018.02.08 17:20:26.174,9.71697,9.71819,1.00,1.00
2018.02.08 17:20:31.456,9.71709,9.71831,1.00,1.00
2018.02.08 17:20:32.025,9.71721,9.71843,1.00,1.00
2018.02.08 17:20:33.704,9.71716,9.71838,1.00,1.00
2018.02.08 17:20:33.759,9.7173,9.71854,1.00,1.00
2018.02.08 17:20:33.811,9.71744,9.71866,1.00,1.00
2018.02.08 17:20:34.120,9.71756,9.71878,1.00,1.00
2018.02.08 17:20:36.406,9.71769,9.71891,1.00,1.00
2018.02.08 17:20:39.198,9.71755,9.71877,1.00,1.00
2018.02.08 17:20:47.828,9.7177,9.71892,1.00,1.00
2018.02.08 17:20:48.201,9.71758,9.7188,1.00,1.00
2018.02.08 17:20:50.407,9.7177,9.71892,1.00,1.00
2018.02.08 17:20:50.954,9.71754,9.71876,1.00,1.00
2018.02.08 17:20:51.319,9.71769,9.71893,1.00,1.00
2018.02.08 17:20:51.422,9.71782,9.71904,1.00,1.00
2018.02.08 17:20:53.493,9.7177,9.71892,1.00,1.00
2018.02.08 17:20:53.803,9.71759,9.71881,1.00,1.00
2018.02.08 17:20:54.139,9.71772,9.71894,1.00,1.00
2018.02.08 17:20:55.196,9.71759,9.71883,1.00,1.00
2018.02.08 17:20:57.077,9.71744,9.71866,1.00,1.00
2018.02.08 17:20:57.387,9.71701,9.71823,1.00,1.00
2018.02.08 17:20:59.128,9.71685,9.71807,1.00,1.00
2018.02.08 17:20:59.438,9.71711,9.71833,1.00,1.00
2018.02.08 17:20:59.898,9.71698,9.7182,1.00,1.00
2018.02.08 17:21:00.792,9.71684,9.71806,1.00,1.00
2018.02.08 17:21:01.749,9.71705,9.71826,1.00,1.00
2018.02.08 17:21:01.800,9.71705,9.71829,1.00,1.00
2018.02.08 17:21:03.212,9.71694,9.71816,1.00,1.00
2018.02.08 17:21:03.518,9.71682,9.71804,1.00,1.00
2018.02.08 17:21:05.039,9.71696,9.71818,1.00,1.00
2018.02.08 17:21:05.352,9.71733,9.71855,1.00,1.00
2018.02.08 17:21:05.909,9.71749,9.71871,1.00,1.00
2018.02.08 17:21:06.219,9.71763,9.71885,1.00,1.00
2018.02.08 17:21:07.877,9.71777,9.71899,1.00,1.00
2018.02.08 17:21:08.229,9.71765,9.71887,1.00,1.00
2018.02.08 17:21:08.534,9.7174,9.71862,1.00,1.00
2018.02.08 17:21:09.866,9.7176,9.71882,1.00,1.00
2018.02.08 17:21:11.390,9.71747,9.71869,1.00,1.00
2018.02.08 17:21:13.769,9.71746,9.71868,1.00,1.00
2018.02.08 17:21:25.120,9.71731,9.71855,1.00,1.00
2018.02.08 17:21:25.171,9.7172,9.71842,1.00,1.00
2018.02.08 17:21:25.523,9.71735,9.71857,1.00,1.00
2018.02.08 17:21:29.262,9.71722,9.71844,1.00,1.00
2018.02.08 17:21:29.592,9.7171,9.71832,1.00,1.00
2018.02.08 17:21:33.771,9.71711,9.71833,1.00,1.00
2018.02.08 17:21:35.912,9.71723,9.71845,1.00,1.00
2018.02.08 17:21:36.556,9.71707,9.71829,1.00,1.00
2018.02.08 17:21:37.709,9.71694,9.71818,1.00,1.00
2018.02.08 17:21:38.217,9.71683,9.71805,1.00,1.00
2018.02.08 17:21:38.554,9.71712,9.71834,1.00,1.00
2018.02.08 17:21:38.886,9.71696,9.71818,1.00,1.00
2018.02.08 17:21:40.140,9.71707,9.71831,1.00,1.00
2018.02.08 17:21:43.959,9.71696,9.71818,1.00,1.00
2018.02.08 17:21:45.443,9.71711,9.71833,1.00,1.00
2018.02.08 17:21:49.767,9.71723,9.71845,1.00,1.00
2018.02.08 17:21:50.256,9.7171,9.71832,1.00,1.00
2018.02.08 17:21:51.375,9.71696,9.71818,1.00,1.00
2018.02.08 17:21:51.683,9.71715,9.71837,1.00,1.00
2018.02.08 17:21:52.889,9.71703,9.71825,1.00,1.00
2018.02.08 17:21:53.695,9.71698,9.7182,1.00,1.00
2018.02.08 17:21:54.548,9.71709,9.71833,1.00,1.00
2018.02.08 17:21:54.805,9.71698,9.7182,1.00,1.00
2018.02.08 17:21:55.116,9.7171,9.71832,1.00,1.00
2018.02.08 17:21:55.273,9.71723,9.71847,1.00,1.00
2018.02.08 17:21:55.824,9.71709,9.71831,1.00,1.00
2018.02.08 17:21:59.718,9.7173,9.71852,1.00,1.00
2018.02.08 17:22:00.064,9.71715,9.71837,1.00,1.00
2018.02.08 17:22:05.359,9.71703,9.71825,1.00,1.00
2018.02.08 17:22:05.711,9.71715,9.71837,1.00,1.00
2018.02.08 17:22:10.159,9.71729,9.71851,1.00,1.00
2018.02.08 17:22:11.035,9.71712,9.71834,1.00,1.00
2018.02.08 17:22:11.929,9.71693,9.71815,1.00,1.00
2018.02.08 17:22:12.272,9.71681,9.71803,1.00,1.00
2018.02.08 17:22:12.595,9.71693,9.71815,1.00,1.00
2018.02.08 17:22:13.163,9.7166,9.71784,1.00,1.00
2018.02.08 17:22:13.302,9.71634,9.71756,1.00,1.00
2018.02.08 17:22:13.616,9.71607,9.71729,1.00,1.00
2018.02.08 17:22:13.668,9.71623,9.71747,1.00,1.00
2018.02.08 17:22:13.720,9.71616,9.71738,1.00,1.00
2018.02.08 17:22:14.230,9.71604,9.71726,1.00,1.00
2018.02.08 17:22:14.604,9.7159,9.71712,1.00,1.00
2018.02.08 17:22:20.434,9.71578,9.717,1.00,1.00
2018.02.08 17:22:24.196,9.71565,9.71687,1.00,1.00
2018.02.08 17:22:24.676,9.71551,9.71673,1.00,1.00
2018.02.08 17:22:24.988,9.71524,9.71646,1.00,1.00
2018.02.08 17:22:25.251,9.7154,9.71664,1.00,1.00
2018.02.08 17:22:25.303,9.71526,9.71648,1.00,1.00
2018.02.08 17:22:25.560,9.71547,9.71671,1.00,1.00
2018.02.08 17:22:28.530,9.71561,9.71683,1.00,1.00
2018.02.08 17:22:28.908,9.71536,9.71658,1.00,1.00
2018.02.08 17:22:29.260,9.7155,9.71672,1.00,1.00
2018.02.08 17:22:33.790,9.71547,9.71669,1.00,1.00
2018.02.08 17:22:34.913,9.71561,9.71683,1.00,1.00
2018.02.08 17:22:35.996,9.71549,9.71671,1.00,1.00
2018.02.08 17:22:36.308,9.71537,9.71659,1.00,1.00
2018.02.08 17:22:36.699,9.71549,9.71671,1.00,1.00
2018.02.08 17:22:37.209,9.7155,9.71672,1.00,1.00
2018.02.08 17:22:38.473,9.71562,9.71684,1.00,1.00
2018.02.08 17:22:38.774,9.71546,9.71668,1.00,1.00
2018.02.08 17:22:41.604,9.71532,9.71654,1.00,1.00
2018.02.08 17:22:42.955,9.71518,9.7164,1.00,1.00
2018.02.08 17:22:43.059,9.71492,9.71616,1.00,1.00
2018.02.08 17:22:43.755,9.71503,9.71627,1.00,1.00
2018.02.08 17:22:44.461,9.71518,9.7164,1.00,1.00
2018.02.08 17:22:44.804,9.71516,9.71638,1.00,1.00
2018.02.08 17:22:45.113,9.71528,9.7165,1.00,1.00
2018.02.08 17:22:45.217,9.71539,9.71663,1.00,1.00
2018.02.08 17:22:45.454,9.71546,9.71668,1.00,1.00
2018.02.08 17:22:45.762,9.71531,9.71653,1.00,1.00
2018.02.08 17:22:46.091,9.7152,9.71642,1.00,1.00
2018.02.08 17:22:46.400,9.71506,9.71628,1.00,1.00
2018.02.08 17:22:46.953,9.71518,9.7164,1.00,1.00
2018.02.08 17:22:47.452,9.7153,9.71652,1.00,1.00
2018.02.08 17:22:49.249,9.71544,9.71666,1.00,1.00
2018.02.08 17:22:53.385,9.71509,9.71633,1.00,1.00
2018.02.08 17:22:53.488,9.71497,9.71619,1.00,1.00
2018.02.08 17:22:53.835,9.71505,9.71627,1.00,1.00
2018.02.08 17:22:54.456,9.71517,9.71639,1.00,1.00
2018.02.08 17:22:54.508,9.71528,9.71652,1.00,1.00
2018.02.08 17:22:54.923,9.71518,9.7164,1.00,1.00
2018.02.08 17:22:55.324,9.71506,9.71628,1.00,1.00
2018.02.08 17:22:55.675,9.71474,9.71596,1.00,1.00
2018.02.08 17:22:56.000,9.71491,9.71613,1.00,1.00
2018.02.08 17:22:57.109,9.71479,9.71601,1.00,1.00
2018.02.08 17:22:57.839,9.71465,9.71587,1.00,1.00
2018.02.08 17:22:57.944,9.71462,9.71586,1.00,1.00
2018.02.08 17:22:58.150,9.71476,9.716,1.00,1.00
2018.02.08 17:22:58.481,9.71491,9.71613,1.00,1.00
2018.02.08 17:22:59.818,9.71476,9.71598,1.00,1.00
2018.02.08 17:23:00.128,9.71493,9.71615,1.00,1.00
2018.02.08 17:23:02.140,9.71506,9.71628,1.00,1.00
2018.02.08 17:23:03.726,9.71492,9.71614,1.00,1.00
2018.02.08 17:23:04.058,9.71504,9.71626,1.00,1.00
2018.02.08 17:23:04.391,9.71491,9.71613,1.00,1.00
2018.02.08 17:23:04.772,9.71507,9.71629,1.00,1.00
2018.02.08 17:23:05.253,9.71492,9.71614,1.00,1.00
2018.02.08 17:23:05.591,9.71508,9.7163,1.00,1.00
2018.02.08 17:23:05.930,9.7152,9.71642,1.00,1.00
2018.02.08 17:23:06.337,9.71507,9.71629,1.00,1.00
2018.02.08 17:23:08.514,9.71508,9.71629,1.00,1.00
2018.02.08 17:23:08.567,9.71527,9.71651,1.00,1.00
2018.02.08 17:23:08.624,9.71543,9.71665,1.00,1.00
2018.02.08 17:23:09.002,9.71571,9.71693,1.00,1.00
2018.02.08 17:23:09.266,9.71431,9.71708,1.00,1.00
2018.02.08 17:23:09.318,9.71521,9.71643,1.00,1.00
2018.02.08 17:23:09.656,9.71546,9.71668,1.00,1.00
2018.02.08 17:23:09.966,9.71558,9.7168,1.00,1.00
2018.02.08 17:23:10.318,9.71542,9.71664,1.00,1.00
2018.02.08 17:23:10.666,9.71561,9.71683,1.00,1.00
2018.02.08 17:23:10.909,9.71548,9.71672,1.00,1.00
2018.02.08 17:23:11.533,9.71535,9.71657,1.00,1.00
2018.02.08 17:23:11.844,9.71547,9.71669,1.00,1.00
2018.02.08 17:23:12.152,9.71508,9.7163,1.00,1.00
2018.02.08 17:23:12.460,9.7152,9.71642,1.00,1.00
2018.02.08 17:23:12.831,9.71535,9.71657,1.00,1.00
2018.02.08 17:23:13.167,9.71549,9.71671,1.00,1.00
2018.02.08 17:23:13.695,9.71551,9.71673,1.00,1.00
2018.02.08 17:23:14.390,9.71539,9.71661,1.00,1.00
2018.02.08 17:23:14.740,9.71528,9.7165,1.00,1.00
2018.02.08 17:23:15.047,9.7154,9.71662,1.00,1.00
2018.02.08 17:23:15.523,9.71556,9.71678,1.00,1.00
2018.02.08 17:23:17.070,9.7153,9.71652,1.00,1.00
2018.02.08 17:23:17.376,9.71556,9.71678,1.00,1.00
2018.02.08 17:23:17.529,9.7154,9.71664,1.00,1.00
2018.02.08 17:23:18.296,9.71556,9.71678,1.00,1.00
2018.02.08 17:23:18.649,9.71538,9.7166,1.00,1.00
2018.02.08 17:23:20.375,9.71526,9.71648,1.00,1.00
2018.02.08 17:23:20.477,9.71476,9.716,1.00,1.00
2018.02.08 17:23:20.579,9.71492,9.71614,1.00,1.00
2018.02.08 17:23:20.941,9.71476,9.71598,1.00,1.00
2018.02.08 17:23:21.335,9.7149,9.71612,1.00,1.00
2018.02.08 17:23:21.718,9.71505,9.71627,1.00,1.00
2018.02.08 17:23:22.128,9.7153,9.71652,1.00,1.00
2018.02.08 17:23:22.646,9.71518,9.7164,1.00,1.00
2018.02.08 17:23:23.236,9.71505,9.71627,1.00,1.00
2018.02.08 17:23:23.548,9.71513,9.71635,1.00,1.00
2018.02.08 17:23:25.243,9.71526,9.71648,1.00,1.00
2018.02.08 17:23:26.641,9.71494,9.71616,1.00,1.00
2018.02.08 17:23:26.953,9.71525,9.71647,1.00,1.00
2018.02.08 17:23:27.888,9.71513,9.71635,1.00,1.00
2018.02.08 17:23:28.747,9.71534,9.71656,1.00,1.00
2018.02.08 17:23:30.030,9.71519,9.71641,1.00,1.00
2018.02.08 17:23:30.338,9.71462,9.71584,1.00,1.00
2018.02.08 17:23:30.731,9.71492,9.71614,1.00,1.00
2018.02.08 17:23:31.041,9.71451,9.71573,1.00,1.00
2018.02.08 17:23:31.352,9.71459,9.71581,1.00,1.00
2018.02.08 17:23:32.943,9.71471,9.71593,1.00,1.00
2018.02.08 17:23:33.696,9.71466,9.71588,1.00,1.00
2018.02.08 17:23:34.518,9.71461,9.71583,1.00,1.00
2018.02.08 17:23:34.898,9.71481,9.71603,1.00,1.00
2018.02.08 17:23:35.208,9.7147,9.71592,1.00,1.00
2018.02.08 17:23:35.583,9.71482,9.71604,1.00,1.00
2018.02.08 17:23:37.078,9.71464,9.71586,1.00,1.00
2018.02.08 17:23:37.597,9.71465,9.71587,1.00,1.00
2018.02.08 17:23:37.926,9.71425,9.71547,1.00,1.00
2018.02.08 17:23:38.254,9.71442,9.71564,1.00,1.00
2018.02.08 17:23:38.562,9.71456,9.71578,1.00,1.00
2018.02.08 17:23:40.032,9.71441,9.71563,1.00,1.00
2018.02.08 17:23:40.816,9.71456,9.7158,1.00,1.00
2018.02.08 17:23:41.702,9.71445,9.71567,1.00,1.00
2018.02.08 17:23:43.071,9.71459,9.71581,1.00,1.00
2018.02.08 17:23:44.034,9.71476,9.71598,1.00,1.00
2018.02.08 17:23:44.344,9.71474,9.71596,1.00,1.00
2018.02.08 17:23:47.961,9.71448,9.7157,1.00,1.00
2018.02.08 17:23:48.294,9.71436,9.71558,1.00,1.00
2018.02.08 17:23:48.605,9.71448,9.7157,1.00,1.00
2018.02.08 17:23:49.101,9.71461,9.71583,1.00,1.00
2018.02.08 17:23:51.374,9.71448,9.71572,1.00,1.00
2018.02.08 17:23:52.366,9.71469,9.71591,1.00,1.00
2018.02.08 17:23:53.071,9.71481,9.71603,1.00,1.00
2018.02.08 17:23:53.403,9.71467,9.71589,1.00,1.00
2018.02.08 17:23:53.658,9.71436,9.7156,1.00,1.00
2018.02.08 17:23:53.710,9.71422,9.71544,1.00,1.00
2018.02.08 17:23:54.018,9.71409,9.71531,1.00,1.00
2018.02.08 17:23:54.496,9.71423,9.71545,1.00,1.00
2018.02.08 17:23:55.217,9.71436,9.71558,1.00,1.00
2018.02.08 17:23:56.192,9.71449,9.71571,1.00,1.00
2018.02.08 17:23:56.898,9.71461,9.71583,1.00,1.00
2018.02.08 17:23:57.907,9.71473,9.71597,1.00,1.00
2018.02.08 17:23:58.994,9.7149,9.71612,1.00,1.00
2018.02.08 17:24:00.020,9.71505,9.71627,1.00,1.00
2018.02.08 17:24:01.122,9.71492,9.71614,1.00,1.00
2018.02.08 17:24:01.889,9.71503,9.71627,1.00,1.00
2018.02.08 17:24:02.590,9.71487,9.71609,1.00,1.00
2018.02.08 17:24:02.642,9.71458,9.71582,1.00,1.00
2018.02.08 17:24:02.746,9.71447,9.71569,1.00,1.00
2018.02.08 17:24:02.953,9.71422,9.71546,1.00,1.00
2018.02.08 17:24:03.108,9.7141,9.71532,1.00,1.00
2018.02.08 17:24:03.670,9.71409,9.71531,1.00,1.00
2018.02.08 17:24:05.278,9.71392,9.71514,1.00,1.00
2018.02.08 17:24:05.598,9.71367,9.71489,1.00,1.00
2018.02.08 17:24:09.609,9.7138,9.71502,1.00,1.00
2018.02.08 17:24:13.666,9.71392,9.71514,1.00,1.00
2018.02.08 17:24:14.234,9.7138,9.71502,1.00,1.00
2018.02.08 17:24:14.790,9.71367,9.71489,1.00,1.00
2018.02.08 17:24:15.274,9.71379,9.71501,1.00,1.00
2018.02.08 17:24:15.579,9.71395,9.71517,1.00,1.00
2018.02.08 17:24:15.919,9.71382,9.71504,1.00,1.00
2018.02.08 17:24:18.384,9.7137,9.71492,1.00,1.00
2018.02.08 17:24:18.697,9.71382,9.71504,1.00,1.00
2018.02.08 17:24:18.999,9.71389,9.71511,1.00,1.00
2018.02.08 17:24:20.724,9.71377,9.71499,1.00,1.00
2018.02.08 17:24:22.793,9.71364,9.71486,1.00,1.00
2018.02.08 17:24:23.848,9.71379,9.71501,1.00,1.00
2018.02.08 17:24:24.343,9.71392,9.71514,1.00,1.00
2018.02.08 17:24:25.225,9.7138,9.71502,1.00,1.00
2018.02.08 17:24:27.975,9.71396,9.71518,1.00,1.00
2018.02.08 17:24:28.323,9.71382,9.71504,1.00,1.00
2018.02.08 17:24:28.632,9.7137,9.71492,1.00,1.00
2018.02.08 17:24:29.135,9.71369,9.71491,1.00,1.00
2018.02.08 17:24:29.464,9.71382,9.71504,1.00,1.00
2018.02.08 17:24:30.947,9.714,9.71522,1.00,1.00
2018.02.08 17:24:31.262,9.71388,9.7151,1.00,1.00
2018.02.08 17:24:31.671,9.71404,9.71526,1.00,1.00
2018.02.08 17:24:31.981,9.71416,9.71538,1.00,1.00
2018.02.08 17:24:32.888,9.71404,9.71526,1.00,1.00
2018.02.08 17:24:33.696,9.71409,9.71531,1.00,1.00
2018.02.08 17:24:39.462,9.71423,9.71545,1.00,1.00
2018.02.08 17:24:39.771,9.71403,9.71525,1.00,1.00
2018.02.08 17:24:40.122,9.71415,9.71537,1.00,1.00
2018.02.08 17:24:40.425,9.71403,9.71525,1.00,1.00
2018.02.08 17:24:42.418,9.71391,9.71513,1.00,1.00
2018.02.08 17:24:42.911,9.71376,9.71498,1.00,1.00
2018.02.08 17:24:43.216,9.71364,9.71488,1.00,1.00
2018.02.08 17:24:43.319,9.71346,9.71468,1.00,1.00
2018.02.08 17:24:43.649,9.71358,9.7148,1.00,1.00
2018.02.08 17:24:45.193,9.71346,9.71468,1.00,1.00
2018.02.08 17:24:45.545,9.71355,9.71479,1.00,1.00
2018.02.08 17:24:45.804,9.71344,9.71466,1.00,1.00
2018.02.08 17:24:53.747,9.71346,9.71468,1.00,1.00
2018.02.08 17:24:56.763,9.71359,9.71481,1.00,1.00
2018.02.08 17:24:57.069,9.71332,9.71454,1.00,1.00
2018.02.08 17:25:03.002,9.71352,9.71474,1.00,1.00
2018.02.08 17:25:03.484,9.71365,9.71487,1.00,1.00
2018.02.08 17:25:09.707,9.71377,9.71501,1.00,1.00
2018.02.08 17:25:10.459,9.71365,9.71487,1.00,1.00
2018.02.08 17:25:11.740,9.71353,9.71475,1.00,1.00
2018.02.08 17:25:12.176,9.71365,9.71487,1.00,1.00
2018.02.08 17:25:12.480,9.71353,9.71475,1.00,1.00
2018.02.08 17:25:13.719,9.71358,9.7148,1.00,1.00
2018.02.08 17:25:14.513,9.71371,9.71493,1.00,1.00
2018.02.08 17:25:14.858,9.71354,9.71476,1.00,1.00
2018.02.08 17:25:15.571,9.71366,9.71488,1.00,1.00
2018.02.08 17:25:15.965,9.71353,9.71475,1.00,1.00
2018.02.08 17:25:16.238,9.71337,9.71461,1.00,1.00
2018.02.08 17:25:16.360,9.71351,9.71473,1.00,1.00
2018.02.08 17:25:16.798,9.71353,9.71475,1.00,1.00
2018.02.08 17:25:20.944,9.71365,9.71487,1.00,1.00
2018.02.08 17:25:21.285,9.71348,9.7147,1.00,1.00
2018.02.08 17:25:21.688,9.71362,9.71484,1.00,1.00
2018.02.08 17:25:22.010,9.71347,9.71469,1.00,1.00
2018.02.08 17:25:22.357,9.7136,9.71482,1.00,1.00
2018.02.08 17:25:22.409,9.71371,9.71495,1.00,1.00
2018.02.08 17:25:28.448,9.71384,9.71506,1.00,1.00
2018.02.08 17:25:33.695,9.7139,9.71512,1.00,1.00
2018.02.08 17:25:34.661,9.71377,9.71499,1.00,1.00
2018.02.08 17:25:34.996,9.71364,9.71486,1.00,1.00
2018.02.08 17:25:36.888,9.71352,9.71474,1.00,1.00
2018.02.08 17:25:38.505,9.71365,9.71487,1.00,1.00
2018.02.08 17:25:40.514,9.7135,9.71472,1.00,1.00
2018.02.08 17:25:43.863,9.71362,9.71484,1.00,1.00
2018.02.08 17:25:44.620,9.71345,9.71467,1.00,1.00
2018.02.08 17:25:44.969,9.71359,9.71481,1.00,1.00
2018.02.08 17:25:45.277,9.71343,9.71465,1.00,1.00
2018.02.08 17:25:45.330,9.71328,9.71452,1.00,1.00
2018.02.08 17:25:45.437,9.71343,9.71467,1.00,1.00
2018.02.08 17:25:45.761,9.71346,9.71468,1.00,1.00
2018.02.08 17:25:47.178,9.71333,9.71457,1.00,1.00
2018.02.08 17:25:47.281,9.71348,9.7147,1.00,1.00
2018.02.08 17:25:52.939,9.71359,9.71483,1.00,1.00
2018.02.08 17:25:53.696,9.71359,9.71481,1.00,1.00
2018.02.08 17:25:54.053,9.71341,9.71463,1.00,1.00
2018.02.08 17:25:54.403,9.71329,9.71451,1.00,1.00
2018.02.08 17:26:01.489,9.71316,9.7144,1.00,1.00
2018.02.08 17:26:04.764,9.71305,9.71427,1.00,1.00
2018.02.08 17:26:05.174,9.71317,9.71439,1.00,1.00
2018.02.08 17:26:11.011,9.71333,9.71455,1.00,1.00
2018.02.08 17:26:11.316,9.71353,9.71475,1.00,1.00
2018.02.08 17:26:11.758,9.71338,9.71462,1.00,1.00
2018.02.08 17:26:12.012,9.71323,9.71445,1.00,1.00
2018.02.08 17:26:12.223,9.71337,9.71461,1.00,1.00
2018.02.08 17:26:12.395,9.71325,9.71447,1.00,1.00
2018.02.08 17:26:12.705,9.71357,9.71479,1.00,1.00
2018.02.08 17:26:13.065,9.71341,9.71463,1.00,1.00
2018.02.08 17:26:13.709,9.71336,9.7146,1.00,1.00
2018.02.08 17:26:14.161,9.71325,9.71447,1.00,1.00
2018.02.08 17:26:14.784,9.71337,9.71459,1.00,1.00
2018.02.08 17:26:16.825,9.71323,9.71445,1.00,1.00
2018.02.08 17:26:17.225,9.71345,9.71467,1.00,1.00
2018.02.08 17:26:17.874,9.71357,9.71479,1.00,1.00
2018.02.08 17:26:17.978,9.71338,9.71462,1.00,1.00
2018.02.08 17:26:18.235,9.71326,9.71448,1.00,1.00
2018.02.08 17:26:18.553,9.71328,9.7145,1.00,1.00
2018.02.08 17:26:19.013,9.71344,9.71466,1.00,1.00
2018.02.08 17:26:19.554,9.71343,9.71465,1.00,1.00
2018.02.08 17:26:21.297,9.71329,9.71451,1.00,1.00
2018.02.08 17:26:21.679,9.71341,9.71463,1.00,1.00
2018.02.08 17:26:22.501,9.71325,9.71447,1.00,1.00
2018.02.08 17:26:23.311,9.71338,9.7146,1.00,1.00
2018.02.08 17:26:32.939,9.7135,9.71472,1.00,1.00
2018.02.08 17:26:34.442,9.71336,9.71458,1.00,1.00
2018.02.08 17:26:41.310,9.71358,9.7148,1.00,1.00
2018.02.08 17:26:41.625,9.71371,9.71493,1.00,1.00
2018.02.08 17:26:42.142,9.71355,9.71477,1.00,1.00
2018.02.08 17:26:47.252,9.71342,9.71464,1.00,1.00
2018.02.08 17:26:47.582,9.71367,9.71489,1.00,1.00
2018.02.08 17:26:49.934,9.71355,9.71477,1.00,1.00
2018.02.08 17:26:53.696,9.71353,9.71475,1.00,1.00
2018.02.08 17:26:54.177,9.71341,9.71463,1.00,1.00
2018.02.08 17:26:54.574,9.71353,9.71475,1.00,1.00
2018.02.08 17:26:56.181,9.71342,9.71464,1.00,1.00
2018.02.08 17:26:57.265,9.71356,9.71478,1.00,1.00
2018.02.08 17:26:57.736,9.71369,9.71491,1.00,1.00
2018.02.08 17:26:59.550,9.71357,9.71479,1.00,1.00
2018.02.08 17:27:04.963,9.71345,9.71467,1.00,1.00
2018.02.08 17:27:08.026,9.71333,9.71455,1.00,1.00
2018.02.08 17:27:08.129,9.71344,9.71468,1.00,1.00
2018.02.08 17:27:08.335,9.7133,9.71452,1.00,1.00
2018.02.08 17:27:10.900,9.71357,9.71479,1.00,1.00
2018.02.08 17:27:12.792,9.71344,9.71466,1.00,1.00
2018.02.08 17:27:13.695,9.71343,9.71465,1.00,1.00
2018.02.08 17:27:19.142,9.71326,9.71448,1.00,1.00
2018.02.08 17:27:22.892,9.71338,9.7146,1.00,1.00
2018.02.08 17:27:23.197,9.71326,9.71448,1.00,1.00
2018.02.08 17:27:26.808,9.71312,9.71434,1.00,1.00
2018.02.08 17:27:31.523,9.71324,9.71446,1.00,1.00
2018.02.08 17:27:32.889,9.71312,9.71434,1.00,1.00
2018.02.08 17:27:33.746,9.7131,9.71432,1.00,1.00
2018.02.08 17:27:34.609,9.71324,9.71446,1.00,1.00
2018.02.08 17:27:35.750,9.71312,9.71434,1.00,1.00
2018.02.08 17:27:37.856,9.71326,9.71448,1.00,1.00
2018.02.08 17:27:38.285,9.71313,9.71435,1.00,1.00
2018.02.08 17:27:41.084,9.713,9.71422,1.00,1.00
2018.02.08 17:27:50.562,9.71312,9.71434,1.00,1.00
2018.02.08 17:27:50.905,9.71287,9.71409,1.00,1.00
2018.02.08 17:27:51.212,9.71299,9.71421,1.00,1.00
2018.02.08 17:27:51.454,9.7131,9.71434,1.00,1.00
2018.02.08 17:27:53.323,9.71299,9.71421,1.00,1.00
2018.02.08 17:27:53.824,9.71285,9.71407,1.00,1.00
2018.02.08 17:27:54.162,9.71303,9.71425,1.00,1.00
2018.02.08 17:27:56.723,9.71291,9.71413,1.00,1.00
2018.02.08 17:27:57.035,9.71222,9.71344,1.00,1.00
2018.02.08 17:27:57.346,9.71168,9.7129,1.00,1.00
2018.02.08 17:27:57.652,9.71143,9.71265,1.00,1.00
2018.02.08 17:27:57.964,9.71157,9.71279,1.00,1.00
2018.02.08 17:27:59.396,9.71144,9.71268,1.00,1.00
2018.02.08 17:27:59.983,9.71133,9.71255,1.00,1.00
2018.02.08 17:28:09.548,9.71103,9.71225,1.00,1.00
2018.02.08 17:28:09.853,9.71085,9.71207,1.00,1.00
2018.02.08 17:28:10.197,9.70974,9.71096,1.00,1.00
2018.02.08 17:28:10.301,9.70937,9.71061,1.00,1.00
2018.02.08 17:28:10.353,9.70925,9.71047,1.00,1.00
2018.02.08 17:28:10.674,9.70877,9.70999,1.00,1.00
2018.02.08 17:28:11.022,9.70904,9.71026,1.00,1.00
2018.02.08 17:28:11.550,9.70886,9.71008,1.00,1.00
2018.02.08 17:28:12.001,9.70873,9.70995,1.00,1.00
2018.02.08 17:28:12.390,9.70887,9.71009,1.00,1.00
2018.02.08 17:28:12.710,9.70874,9.70996,1.00,1.00
2018.02.08 17:28:13.715,9.70875,9.70997,1.00,1.00
2018.02.08 17:28:14.053,9.70904,9.71026,1.00,1.00
2018.02.08 17:28:14.348,9.70917,9.71041,1.00,1.00
2018.02.08 17:28:14.694,9.70905,9.71029,1.00,1.00
2018.02.08 17:28:18.730,9.70918,9.7104,1.00,1.00
2018.02.08 17:28:20.587,9.70905,9.71027,1.00,1.00
2018.02.08 17:28:21.027,9.70889,9.71011,1.00,1.00
2018.02.08 17:28:21.628,9.70875,9.70997,1.00,1.00
2018.02.08 17:28:29.449,9.70888,9.7101,1.00,1.00
2018.02.08 17:28:29.501,9.70868,9.70992,1.00,1.00
2018.02.08 17:28:29.684,9.70882,9.71004,1.00,1.00
2018.02.08 17:28:32.340,9.7087,9.70992,1.00,1.00
2018.02.08 17:28:33.695,9.70873,9.70995,1.00,1.00
2018.02.08 17:28:34.175,9.70886,9.71008,1.00,1.00
2018.02.08 17:28:43.168,9.70898,9.7102,1.00,1.00
2018.02.08 17:28:43.484,9.70883,9.71005,1.00,1.00
2018.02.08 17:28:45.444,9.70899,9.71021,1.00,1.00
2018.02.08 17:28:46.715,9.70885,9.71007,1.00,1.00
2018.02.08 17:28:48.261,9.709,9.71022,1.00,1.00
2018.02.08 17:28:52.871,9.70888,9.7101,1.00,1.00
2018.02.08 17:28:53.695,9.70891,9.71013,1.00,1.00
2018.02.08 17:28:57.794,9.70877,9.70999,1.00,1.00
2018.02.08 17:28:58.619,9.70894,9.71016,1.00,1.00
2018.02.08 17:28:59.046,9.70881,9.71003,1.00,1.00
2018.02.08 17:28:59.353,9.70867,9.70989,1.00,1.00
2018.02.08 17:28:59.705,9.70857,9.70979,1.00,1.00
2018.02.08 17:29:00.190,9.70818,9.7094,1.00,1.00
2018.02.08 17:29:00.451,9.70793,9.70917,1.00,1.00
2018.02.08 17:29:00.504,9.70773,9.70895,1.00,1.00
2018.02.08 17:29:00.556,9.70757,9.70881,1.00,1.00
2018.02.08 17:29:00.607,9.70744,9.70866,1.00,1.00
2018.02.08 17:29:00.956,9.70636,9.70758,1.00,1.00
2018.02.08 17:29:01.059,9.70621,9.70745,1.00,1.00
2018.02.08 17:29:01.111,9.70599,9.70721,1.00,1.00
2018.02.08 17:29:01.421,9.70531,9.70653,1.00,1.00
2018.02.08 17:29:01.666,9.7046,9.70584,1.00,1.00
2018.02.08 17:29:01.717,9.70448,9.7057,1.00,1.00
2018.02.08 17:29:01.820,9.70411,9.70535,1.00,1.00
2018.02.08 17:29:01.872,9.70394,9.70516,1.00,1.00
2018.02.08 17:29:02.183,9.70305,9.70427,1.00,1.00
2018.02.08 17:29:02.286,9.70277,9.70401,1.00,1.00
2018.02.08 17:29:02.338,9.70266,9.70388,1.00,1.00
2018.02.08 17:29:02.640,9.70228,9.7035,1.00,1.00
2018.02.08 17:29:02.948,9.70201,9.70323,1.00,1.00
2018.02.08 17:29:03.260,9.70189,9.70311,1.00,1.00
2018.02.08 17:29:03.569,9.70162,9.70284,1.00,1.00
2018.02.08 17:29:05.974,9.70196,9.70318,2.10,1.00
2018.02.08 17:29:06.180,9.70408,9.70532,1.00,1.00
2018.02.08 17:29:06.231,9.70455,9.70577,1.00,1.00
2018.02.08 17:29:06.480,9.70334,9.70458,1.00,1.00
2018.02.08 17:29:06.633,9.70305,9.70427,1.00,1.00
2018.02.08 17:29:06.940,9.70275,9.70397,1.00,1.00
2018.02.08 17:29:07.755,9.70287,9.70409,1.00,1.00
2018.02.08 17:29:08.090,9.70301,9.70423,1.00,1.00
2018.02.08 17:29:08.764,9.70314,9.70436,1.00,1.00
2018.02.08 17:29:09.189,9.70331,9.70453,1.00,1.00
2018.02.08 17:29:09.720,9.70343,9.70465,1.00,1.00
2018.02.08 17:29:10.137,9.70373,9.70495,1.00,1.00
2018.02.08 17:29:10.719,9.70385,9.70507,1.00,1.00
2018.02.08 17:29:11.050,9.70424,9.70546,1.00,1.00
2018.02.08 17:29:11.358,9.70437,9.70559,1.00,1.00
2018.02.08 17:29:11.744,9.70455,9.70577,1.00,1.00
2018.02.08 17:29:12.055,9.70467,9.70589,1.00,1.00
2018.02.08 17:29:12.553,9.70486,9.70608,1.00,1.00
2018.02.08 17:29:13.696,9.7049,9.70612,1.00,1.00
2018.02.08 17:29:15.220,9.70478,9.706,1.00,1.00
2018.02.08 17:29:16.101,9.7049,9.70612,1.00,1.00
2018.02.08 17:29:26.490,9.70505,9.70627,1.00,1.00
2018.02.08 17:29:33.744,9.70502,9.70624,1.00,1.00
2018.02.08 17:29:40.656,9.70517,9.70639,1.00,1.00
2018.02.08 17:29:42.294,9.70529,9.70651,1.00,1.00
2018.02.08 17:29:42.635,9.70639,9.70761,1.00,1.00
2018.02.08 17:29:42.942,9.70722,9.70844,1.00,1.00
2018.02.08 17:29:43.248,9.70776,9.70898,1.00,1.00
2018.02.08 17:29:43.586,9.70811,9.70935,1.00,1.00
2018.02.08 17:29:43.844,9.70822,9.70946,1.00,1.00
2018.02.08 17:29:46.606,9.70835,9.70957,1.00,1.00
2018.02.08 17:29:47.503,9.70824,9.70946,1.00,1.00
2018.02.08 17:29:47.859,9.70836,9.70958,1.00,1.00
2018.02.08 17:29:52.194,9.70823,9.70947,1.00,1.00
2018.02.08 17:29:52.763,9.70812,9.70934,1.00,1.00
2018.02.08 17:29:53.348,9.70823,9.70945,1.00,1.00
2018.02.08 17:29:53.696,9.70801,9.70923,1.00,1.00
2018.02.08 17:29:54.197,9.70813,9.70935,1.00,1.00
2018.02.08 17:29:54.544,9.70826,9.70948,1.00,1.00
2018.02.08 17:29:55.031,9.70814,9.70936,1.00,1.00
2018.02.08 17:29:55.338,9.70828,9.7095,1.00,1.00
2018.02.08 17:29:55.644,9.70816,9.70938,1.00,1.00
2018.02.08 17:29:56.495,9.70828,9.7095,1.00,1.00
2018.02.08 17:29:56.938,9.70817,9.70939,1.00,1.00
2018.02.08 17:29:57.307,9.70829,9.70951,1.00,1.00
2018.02.08 17:30:01.940,9.70817,9.70939,1.00,1.00
2018.02.08 17:30:02.279,9.70832,9.70954,1.00,1.00
2018.02.08 17:30:11.766,9.70815,9.70937,1.00,1.00
2018.02.08 17:30:12.073,9.70827,9.70949,1.00,1.00
2018.02.08 17:30:16.998,9.70839,9.70961,1.00,1.00
2018.02.08 17:30:19.833,9.70824,9.70946,1.00,1.00
2018.02.08 17:30:20.211,9.70839,9.70961,1.00,1.00
2018.02.08 17:30:33.714,9.70836,9.70958,1.00,1.00
2018.02.08 17:30:35.049,9.70802,9.70924,1.00,1.00
2018.02.08 17:30:35.833,9.70816,9.70938,1.00,1.00
2018.02.08 17:30:36.141,9.70803,9.70925,1.00,1.00
2018.02.08 17:30:38.301,9.70791,9.70913,1.00,1.00
2018.02.08 17:30:38.654,9.70803,9.70925,1.00,1.00
2018.02.08 17:30:40.209,9.70821,9.70943,1.00,1.45
2018.02.08 17:30:40.261,9.70821,9.70943,1.00,1.00
2018.02.08 17:30:41.124,9.70808,9.70932,1.00,1.00
2018.02.08 17:30:44.776,9.70796,9.70918,1.00,1.00
2018.02.08 17:30:45.456,9.70808,9.7093,1.00,1.00
2018.02.08 17:30:45.852,9.70795,9.70917,1.00,1.00
2018.02.08 17:30:46.203,9.70799,9.70921,1.00,1.00
2018.02.08 17:30:47.089,9.70776,9.709,1.00,1.00
2018.02.08 17:30:47.144,9.70795,9.70917,1.00,1.45
2018.02.08 17:30:47.196,9.70795,9.70917,1.00,1.00
2018.02.08 17:30:50.300,9.70807,9.70929,1.00,1.00
2018.02.08 17:30:51.113,9.70795,9.70917,1.00,1.00
2018.02.08 17:30:51.422,9.70782,9.70904,1.00,1.00
2018.02.08 17:30:53.696,9.70789,9.70911,1.00,1.00
2018.02.08 17:30:56.561,9.70776,9.70898,1.00,1.00
2018.02.08 17:30:56.889,9.70776,9.70898,1.00,1.60
2018.02.08 17:30:56.941,9.70718,9.7084,1.00,1.00
2018.02.08 17:30:56.993,9.70667,9.70785,1.00,1.00
2018.02.08 17:30:57.045,9.70652,9.70774,1.00,1.00
2018.02.08 17:30:57.098,9.70637,9.70761,1.00,1.00
2018.02.08 17:30:57.149,9.70664,9.70786,1.00,1.45
2018.02.08 17:30:57.201,9.70664,9.70786,1.00,1.00
2018.02.08 17:30:57.330,9.70676,9.70798,1.00,1.00
2018.02.08 17:30:57.635,9.70701,9.70823,1.00,1.00
2018.02.08 17:30:59.376,9.70689,9.70811,1.00,1.00
2018.02.08 17:31:01.974,9.70706,9.70828,1.00,1.00
2018.02.08 17:31:05.951,9.70695,9.70817,1.00,1.00
2018.02.08 17:31:12.279,9.7068,9.70802,1.00,1.00
2018.02.08 17:31:12.906,9.70668,9.7079,1.00,1.00
2018.02.08 17:31:13.703,9.70667,9.70789,1.00,1.00
2018.02.08 17:31:16.200,9.70653,9.70775,1.00,1.00
2018.02.08 17:31:30.931,9.70641,9.70763,1.00,1.00
2018.02.08 17:31:31.241,9.70598,9.7072,1.00,1.00
2018.02.08 17:31:31.771,9.70557,9.70679,1.00,1.00
2018.02.08 17:31:32.114,9.70545,9.70667,1.00,1.00
2018.02.08 17:31:32.421,9.70519,9.70641,1.00,1.00
2018.02.08 17:31:32.738,9.70466,9.70588,1.00,1.00
2018.02.08 17:31:33.049,9.70396,9.70518,1.00,1.00
2018.02.08 17:31:33.100,9.70363,9.70487,1.00,1.00
2018.02.08 17:31:33.151,9.7035,9.70472,1.00,1.00
2018.02.08 17:31:33.456,9.70325,9.70447,1.00,1.00
2018.02.08 17:31:33.736,9.70313,9.70437,1.00,1.00
2018.02.08 17:31:34.267,9.70283,9.70405,1.00,1.00
2018.02.08 17:31:34.602,9.70279,9.70401,1.00,1.00
2018.02.08 17:31:35.400,9.70265,9.70387,1.00,1.00
2018.02.08 17:31:36.140,9.70277,9.70399,1.00,1.00
2018.02.08 17:31:36.457,9.70294,9.70416,1.00,1.00
2018.02.08 17:31:42.824,9.70281,9.70403,1.00,1.00
2018.02.08 17:31:43.132,9.70293,9.70415,1.00,1.00
2018.02.08 17:31:43.663,9.70281,9.70403,1.00,1.00
2018.02.08 17:31:46.846,9.70293,9.70415,1.00,1.00
2018.02.08 17:31:53.764,9.70301,9.70423,1.00,1.00
2018.02.08 17:31:56.951,9.70286,9.70408,1.00,1.00
2018.02.08 17:31:59.671,9.70297,9.70421,1.00,1.00
2018.02.08 17:31:59.774,9.70285,9.70409,1.00,1.00
2018.02.08 17:32:00.177,9.70297,9.70419,1.00,1.00
2018.02.08 17:32:00.504,9.70309,9.70431,1.00,1.00
2018.02.08 17:32:01.859,9.70321,9.70443,1.00,1.00
2018.02.08 17:32:02.494,9.70333,9.70455,1.00,1.00
2018.02.08 17:32:02.861,9.70317,9.70441,1.00,1.00
2018.02.08 17:32:04.566,9.70333,9.70455,1.00,1.00
2018.02.08 17:32:06.567,9.70319,9.70443,1.00,1.00
2018.02.08 17:32:06.765,9.70332,9.70454,1.00,1.00
2018.02.08 17:32:07.392,9.70344,9.70466,1.00,1.00
2018.02.08 17:32:09.399,9.70358,9.7048,1.00,1.00
2018.02.08 17:32:11.052,9.70346,9.70468,1.00,1.00
2018.02.08 17:32:13.747,9.70336,9.70458,1.00,1.00
2018.02.08 17:32:14.056,9.70348,9.7047,1.00,1.00
2018.02.08 17:32:14.420,9.7033,9.70452,1.50,1.00
2018.02.08 17:32:16.037,9.70343,9.70465,1.00,1.00
2018.02.08 17:32:18.134,9.7033,9.70452,1.00,1.00
2018.02.08 17:32:20.548,9.70318,9.7044,1.00,1.00
2018.02.08 17:32:21.893,9.70305,9.70427,1.00,1.00
2018.02.08 17:32:23.780,9.70318,9.7044,1.00,1.00
2018.02.08 17:32:30.070,9.70306,9.70428,1.00,1.00
2018.02.08 17:32:33.404,9.70294,9.70416,1.00,1.00
2018.02.08 17:32:33.748,9.70297,9.70419,1.00,1.00
2018.02.08 17:32:34.725,9.70309,9.70431,1.00,1.00
2018.02.08 17:32:42.136,9.70323,9.70445,1.00,1.00
2018.02.08 17:32:46.998,9.70335,9.70457,1.00,1.00
2018.02.08 17:32:48.867,9.70322,9.70444,1.00,1.00
2018.02.08 17:32:49.757,9.70335,9.70459,1.00,1.00
2018.02.08 17:32:53.747,9.70339,9.70461,1.00,1.00
2018.02.08 17:33:00.307,9.70323,9.70445,1.00,1.00
2018.02.08 17:33:00.650,9.70342,9.70464,1.00,1.00
2018.02.08 17:33:01.074,9.70352,9.70476,1.00,1.00
2018.02.08 17:33:01.856,9.70367,9.70491,1.00,1.00
2018.02.08 17:33:02.202,9.70381,9.70503,1.00,1.00
2018.02.08 17:33:02.517,9.70392,9.70514,1.00,1.00
2018.02.08 17:33:03.230,9.70393,9.70515,1.00,1.00
2018.02.08 17:33:03.544,9.70406,9.70528,1.00,1.00
2018.02.08 17:33:05.439,9.70419,9.70541,1.00,1.00
2018.02.08 17:33:13.697,9.70418,9.7054,1.00,1.00
2018.02.08 17:33:32.338,9.70429,9.70551,1.00,1.00
2018.02.08 17:33:33.751,9.70436,9.7056,1.00,1.00
2018.02.08 17:33:40.792,9.70455,9.70577,1.00,1.00
2018.02.08 17:33:42.070,9.70472,9.70594,1.00,1.00
2018.02.08 17:33:42.801,9.70484,9.70606,1.00,1.00
2018.02.08 17:33:43.110,9.70496,9.70618,1.00,1.00
2018.02.08 17:33:43.417,9.70476,9.70598,1.00,1.00
2018.02.08 17:33:44.143,9.70489,9.70611,1.00,1.00
2018.02.08 17:33:44.922,9.70503,9.70625,1.00,1.00
2018.02.08 17:33:45.229,9.70518,9.7064,1.00,1.00
2018.02.08 17:33:45.566,9.70619,9.70737,1.00,1.00
2018.02.08 17:33:45.728,9.70645,9.70767,1.50,1.00
2018.02.08 17:33:51.563,9.70631,9.70753,1.00,1.00
2018.02.08 17:33:51.894,9.70605,9.70727,1.00,1.00
2018.02.08 17:33:53.696,9.70611,9.70735,1.00,1.00
2018.02.08 17:34:00.165,9.70624,9.70746,1.00,1.00
2018.02.08 17:34:13.801,9.70615,9.70739,1.00,1.00
2018.02.08 17:34:33.705,9.70619,9.70741,1.00,1.00
2018.02.08 17:34:39.110,9.70605,9.70727,1.00,1.00
2018.02.08 17:34:40.579,9.70619,9.70741,1.00,1.00
2018.02.08 17:34:42.529,9.70618,9.7074,1.00,1.00
2018.02.08 17:34:45.941,9.70602,9.70724,1.00,1.00
2018.02.08 17:34:46.250,9.70616,9.70738,1.00,1.00
2018.02.08 17:34:47.760,9.70604,9.70726,1.00,1.00
2018.02.08 17:34:48.069,9.70616,9.70738,1.00,1.00
2018.02.08 17:34:48.378,9.70604,9.70726,1.00,1.00
2018.02.08 17:34:49.384,9.70616,9.70738,1.00,1.00
2018.02.08 17:34:49.692,9.70603,9.70725,1.00,1.00
2018.02.08 17:34:50.065,9.70616,9.70738,1.00,1.00
2018.02.08 17:34:50.974,9.70605,9.70727,1.00,1.00
2018.02.08 17:34:52.730,9.70618,9.7074,1.00,1.00
2018.02.08 17:34:53.043,9.70605,9.70727,1.00,1.00
2018.02.08 17:34:53.698,9.70616,9.70738,1.00,1.00
2018.02.08 17:34:54.921,9.70604,9.70726,1.00,1.00
2018.02.08 17:34:57.973,9.70616,9.70738,1.00,1.00
2018.02.08 17:34:58.278,9.70604,9.70726,1.00,1.00
2018.02.08 17:34:59.066,9.70592,9.70714,1.00,1.00
2018.02.08 17:34:59.440,9.70606,9.70728,1.00,1.00
2018.02.08 17:34:59.750,9.70593,9.70715,1.00,1.00
2018.02.08 17:35:00.150,9.7064,9.70758,1.00,1.00
2018.02.08 17:35:00.202,9.70683,9.70805,1.00,1.00
2018.02.08 17:35:00.349,9.70646,9.70768,1.00,1.00
2018.02.08 17:35:00.454,9.70596,9.7072,1.00,1.00
2018.02.08 17:35:00.558,9.70563,9.70684,1.00,1.00
2018.02.08 17:35:00.610,9.70584,9.70706,1.00,1.00
2018.02.08 17:35:00.764,9.70595,9.70717,1.00,1.00
2018.02.08 17:35:03.901,9.70591,9.70713,1.00,1.00
2018.02.08 17:35:04.205,9.70602,9.70724,1.00,1.00
2018.02.08 17:35:04.873,9.70589,9.70713,1.00,1.00
2018.02.08 17:35:13.735,9.70591,9.70713,1.00,1.00
2018.02.08 17:35:15.399,9.70603,9.70725,1.00,1.00
2018.02.08 17:35:26.164,9.7059,9.70712,1.00,1.00
2018.02.08 17:35:26.473,9.70602,9.70724,1.00,1.00
2018.02.08 17:35:30.614,9.70588,9.7071,1.00,1.00
2018.02.08 17:35:31.924,9.70575,9.70697,1.00,1.00
2018.02.08 17:35:32.273,9.70589,9.70711,1.00,1.00
2018.02.08 17:35:32.582,9.70574,9.70696,1.00,1.00
2018.02.08 17:35:33.696,9.7058,9.70702,1.00,1.00
2018.02.08 17:35:36.413,9.706,9.70722,1.00,1.00
2018.02.08 17:35:37.797,9.70585,9.70707,1.00,1.00
2018.02.08 17:35:40.653,9.70608,9.7073,1.00,1.00
2018.02.08 17:35:40.999,9.7062,9.70742,1.00,1.00
2018.02.08 17:35:44.053,9.70632,9.70754,1.00,1.00
2018.02.08 17:35:53.696,9.70631,9.70753,1.00,1.00
2018.02.08 17:35:57.554,9.70617,9.70741,1.00,1.00
2018.02.08 17:35:58.616,9.70631,9.70753,1.00,1.00
2018.02.08 17:36:04.135,9.70617,9.70739,1.00,1.00
2018.02.08 17:36:05.530,9.7063,9.70752,1.00,1.00
2018.02.08 17:36:05.831,9.70617,9.70739,1.00,1.00
2018.02.08 17:36:07.979,9.70631,9.70753,1.00,1.00
2018.02.08 17:36:08.289,9.70676,9.70798,1.00,1.00
2018.02.08 17:36:08.636,9.70662,9.70784,1.00,1.00
2018.02.08 17:36:09.129,9.70693,9.70815,1.00,1.00
2018.02.08 17:36:09.480,9.70677,9.70799,1.00,1.00
2018.02.08 17:36:10.674,9.70665,9.70786,1.00,1.00
2018.02.08 17:36:11.176,9.70664,9.70786,1.00,1.00
2018.02.08 17:36:11.742,9.70656,9.70773,1.00,1.00
2018.02.08 17:36:11.946,9.70651,9.70773,1.00,1.00
2018.02.08 17:36:12.188,9.70639,9.70761,1.00,1.00
2018.02.08 17:36:12.920,9.70651,9.70773,1.00,1.00
2018.02.08 17:36:13.748,9.70647,9.70769,1.00,1.00
2018.02.08 17:36:15.357,9.70659,9.70781,1.00,1.00
2018.02.08 17:36:30.799,9.70674,9.70796,1.00,1.00
2018.02.08 17:36:31.166,9.70686,9.70808,1.00,1.00
2018.02.08 17:36:33.695,9.70692,9.70816,1.00,1.00
2018.02.08 17:36:34.185,9.70712,9.70834,1.00,1.00
2018.02.08 17:36:34.236,9.70723,9.70847,1.00,1.00
2018.02.08 17:36:34.964,9.70736,9.70858,1.00,1.00
2018.02.08 17:36:36.995,9.70748,9.7087,1.00,1.00
2018.02.08 17:36:37.300,9.70766,9.70888,1.00,1.00
2018.02.08 17:36:37.822,9.70779,9.70901,1.00,1.00
2018.02.08 17:36:38.157,9.70818,9.7094,1.00,1.00
2018.02.08 17:36:39.705,9.70832,9.70954,1.00,1.00
2018.02.08 17:36:41.464,9.70844,9.70966,1.00,1.00
2018.02.08 17:36:42.080,9.70878,9.71,1.00,1.00
2018.02.08 17:36:42.424,9.71062,9.71184,1.00,1.00
2018.02.08 17:36:42.730,9.71093,9.71215,1.00,1.00
2018.02.08 17:36:43.036,9.71129,9.71251,1.00,1.00
2018.02.08 17:36:43.333,9.71231,9.71355,1.00,1.00
2018.02.08 17:36:43.386,9.71285,9.71407,1.00,1.00
2018.02.08 17:36:43.593,9.71353,9.71477,1.00,1.00
2018.02.08 17:36:45.323,9.71368,9.7149,1.00,1.00
2018.02.08 17:36:46.825,9.71346,9.71468,1.00,1.00
2018.02.08 17:36:47.152,9.71329,9.71451,1.00,1.00
2018.02.08 17:36:49.954,9.71315,9.71439,1.00,1.00
2018.02.08 17:36:50.645,9.713,9.71403,1.00,1.21
2018.02.08 17:36:50.698,9.71263,9.71385,1.00,1.00
2018.02.08 17:36:50.750,9.71249,9.71327,1.00,1.00
2018.02.08 17:36:50.802,9.71199,9.71298,1.00,1.00
2018.02.08 17:36:50.855,9.71082,9.71204,1.00,1.00
2018.02.08 17:36:50.908,9.711,9.71222,1.00,1.00
2018.02.08 17:36:51.217,9.71045,9.71167,1.00,1.00
2018.02.08 17:36:53.746,9.71044,9.71166,1.00,1.00
2018.02.08 17:36:56.852,9.7103,9.71152,1.00,1.00
2018.02.08 17:36:57.191,9.71026,9.71148,1.00,1.00
2018.02.08 17:36:58.720,9.71005,9.71127,1.00,1.00
2018.02.08 17:37:02.137,9.71017,9.71139,1.00,1.00
2018.02.08 17:37:13.747,9.71014,9.71137,1.00,1.00
2018.02.08 17:37:15.017,9.71026,9.7115,1.00,1.00
2018.02.08 17:37:15.299,9.71012,9.71136,1.00,1.00
2018.02.08 17:37:20.488,9.71026,9.71151,1.00,1.00
2018.02.08 17:37:20.897,9.71011,9.71136,1.00,1.00
2018.02.08 17:37:23.259,9.70998,9.71125,1.00,1.00
2018.02.08 17:37:23.930,9.70984,9.71096,1.00,1.00
2018.02.08 17:37:23.983,9.71005,9.71127,1.00,1.00
2018.02.08 17:37:24.088,9.7102,9.71126,1.00,1.00
2018.02.08 17:37:24.140,9.7102,9.71137,1.00,1.00
2018.02.08 17:37:24.193,9.7102,9.71142,1.00,1.00
2018.02.08 17:37:24.245,9.70974,9.71096,1.00,1.00
2018.02.08 17:37:24.348,9.7098,9.71104,1.00,1.00
2018.02.08 17:37:24.400,9.70995,9.71117,1.00,1.00
2018.02.08 17:37:24.745,9.70982,9.71104,1.00,1.00
2018.02.08 17:37:25.186,9.70995,9.71117,1.00,1.00
2018.02.08 17:37:30.692,9.70983,9.71105,1.00,1.00
2018.02.08 17:37:31.198,9.70995,9.71117,1.00,1.00
2018.02.08 17:37:32.709,9.70982,9.71106,1.00,1.00
2018.02.08 17:37:33.014,9.70971,9.71093,1.00,1.00
2018.02.08 17:37:33.696,9.70974,9.71096,1.00,1.00
2018.02.08 17:37:34.540,9.70962,9.71084,1.00,1.00
2018.02.08 17:37:35.871,9.7098,9.71102,1.00,1.00
2018.02.08 17:37:36.311,9.70968,9.7109,1.00,1.00
2018.02.08 17:37:36.618,9.70997,9.71119,1.00,1.00
2018.02.08 17:37:36.925,9.71027,9.71149,1.00,1.00
2018.02.08 17:37:38.196,9.71013,9.71135,1.00,1.00
2018.02.08 17:37:41.636,9.71033,9.71155,1.00,1.00
2018.02.08 17:37:41.942,9.7105,9.71172,1.00,1.00
2018.02.08 17:37:42.261,9.71038,9.7116,1.00,1.00
2018.02.08 17:37:44.643,9.71026,9.71148,1.00,1.00
2018.02.08 17:37:46.905,9.71058,9.7118,1.00,1.00
2018.02.08 17:37:47.232,9.71044,9.71166,1.00,1.00
2018.02.08 17:37:48.141,9.71056,9.71178,1.00,1.00
2018.02.08 17:37:50.937,9.71044,9.71166,1.00,1.00
2018.02.08 17:37:53.071,9.71032,9.71154,1.00,1.00
2018.02.08 17:37:53.376,9.71018,9.7114,1.00,1.00
2018.02.08 17:37:53.696,9.71015,9.71137,1.00,1.00
2018.02.08 17:37:59.030,9.71,9.71122,1.00,1.00
2018.02.08 17:38:00.124,9.71011,9.71133,1.00,1.00
2018.02.08 17:38:00.176,9.71025,9.71149,1.00,1.00
2018.02.08 17:38:00.483,9.71014,9.71136,1.00,1.00
2018.02.08 17:38:00.977,9.71026,9.71148,1.00,1.00
2018.02.08 17:38:04.410,9.71014,9.71136,1.00,1.00
2018.02.08 17:38:06.448,9.71026,9.71148,1.00,1.00
2018.02.08 17:38:06.798,9.71014,9.71136,1.00,1.00
2018.02.08 17:38:07.451,9.71025,9.71149,1.00,1.00
2018.02.08 17:38:07.838,9.71012,9.71134,1.00,1.00
2018.02.08 17:38:08.454,9.71037,9.71159,1.00,1.00
2018.02.08 17:38:08.853,9.71023,9.71145,1.00,1.00
2018.02.08 17:38:12.393,9.7101,9.71132,1.00,1.00
2018.02.08 17:38:12.707,9.71022,9.71146,1.00,1.00
2018.02.08 17:38:13.696,9.71017,9.71139,1.00,1.00
2018.02.08 17:38:14.664,9.7103,9.71152,1.00,1.00
2018.02.08 17:38:14.998,9.71015,9.71137,1.00,1.00
2018.02.08 17:38:15.200,9.70979,9.71175,1.00,1.00
2018.02.08 17:38:15.705,9.71002,9.71126,1.00,1.00
2018.02.08 17:38:17.255,9.70991,9.71113,1.00,1.00
2018.02.08 17:38:17.520,9.71012,9.71136,1.00,1.00
2018.02.08 17:38:17.759,9.71015,9.71137,1.00,1.00
2018.02.08 17:38:18.071,9.70987,9.71109,1.00,1.00
2018.02.08 17:38:18.297,9.70985,9.71109,1.00,1.00
2018.02.08 17:38:18.906,9.70974,9.71096,1.00,1.00
2018.02.08 17:38:19.264,9.70987,9.71109,1.00,1.00
2018.02.08 17:38:19.979,9.70975,9.71097,1.00,1.00
2018.02.08 17:38:20.300,9.70987,9.71109,1.00,1.00
2018.02.08 17:38:20.778,9.70975,9.71097,1.00,1.00
2018.02.08 17:38:20.933,9.70933,9.71133,1.00,1.00
2018.02.08 17:38:20.984,9.70964,9.71086,1.00,1.00
2018.02.08 17:38:22.738,9.70976,9.71098,1.00,1.00
2018.02.08 17:38:23.043,9.71,9.71122,1.00,1.00
2018.02.08 17:38:23.249,9.70959,9.71183,1.00,1.00
2018.02.08 17:38:23.352,9.71012,9.71134,1.00,1.00
2018.02.08 17:38:29.155,9.71,9.71122,1.00,1.00
2018.02.08 17:38:33.143,9.71012,9.71134,1.00,1.00
2018.02.08 17:38:33.814,9.71009,9.71131,1.00,1.00
2018.02.08 17:38:41.432,9.70994,9.71116,1.00,1.00
2018.02.08 17:38:41.815,9.70982,9.71104,1.00,1.00
2018.02.08 17:38:42.287,9.70968,9.7109,1.00,1.00
2018.02.08 17:38:42.611,9.70956,9.71078,1.00,1.00
2018.02.08 17:38:50.007,9.70945,9.71067,1.00,1.00
2018.02.08 17:38:51.633,9.70957,9.71079,1.00,1.00
2018.02.08 17:38:52.424,9.70975,9.71097,1.00,1.00
2018.02.08 17:38:52.899,9.70969,9.71091,1.00,1.00
2018.02.08 17:38:52.950,9.70954,9.71078,1.00,1.00
2018.02.08 17:38:53.722,9.70964,9.71086,1.00,1.00
2018.02.08 17:38:55.228,9.70976,9.71098,1.00,1.00
2018.02.08 17:38:55.594,9.70989,9.71111,1.00,1.00
2018.02.08 17:38:57.608,9.71001,9.71123,1.00,1.00
2018.02.08 17:38:58.084,9.71013,9.71135,1.00,1.00
2018.02.08 17:39:00.757,9.71025,9.71147,1.00,1.00
2018.02.08 17:39:01.306,9.71021,9.71145,1.00,1.00
2018.02.08 17:39:03.674,9.71037,9.71159,1.00,1.00
2018.02.08 17:39:04.175,9.71025,9.71147,1.00,1.00
2018.02.08 17:39:07.072,9.71037,9.71159,1.00,1.00
2018.02.08 17:39:09.033,9.71023,9.71145,1.00,1.00
2018.02.08 17:39:13.747,9.71026,9.71148,1.00,1.00
2018.02.08 17:39:14.049,9.71014,9.71136,1.00,1.00
2018.02.08 17:39:16.188,9.70996,9.7112,1.00,1.00
2018.02.08 17:39:19.268,9.71014,9.71136,1.00,1.00
2018.02.08 17:39:19.575,9.71001,9.71123,1.00,1.00
2018.02.08 17:39:28.212,9.70986,9.71108,1.00,1.00
2018.02.08 17:39:29.498,9.70972,9.71094,1.00,1.00
2018.02.08 17:39:33.700,9.70971,9.71093,1.00,1.00
2018.02.08 17:39:37.695,9.70945,9.71067,1.00,1.00
2018.02.08 17:39:38.161,9.70932,9.71054,1.00,1.00
2018.02.08 17:39:38.466,9.7092,9.71042,1.00,1.00
2018.02.08 17:39:38.896,9.70907,9.71029,1.00,1.00
2018.02.08 17:39:39.474,9.70896,9.71018,1.00,1.00
2018.02.08 17:39:43.041,9.70866,9.70988,1.00,1.00
2018.02.08 17:39:45.423,9.70852,9.70974,1.00,1.00
2018.02.08 17:39:45.828,9.7084,9.70962,1.00,1.00
