2015.07.06 22:00:00.207,8.92314,8.92966,0.75,0.75
2015.07.06 22:00:01.303,8.92324,8.92976,0.75,0.75
2015.07.06 22:00:03.731,8.92334,8.92986,0.75,0.75
2015.07.06 22:00:11.056,8.92324,8.92976,0.75,0.75
2015.07.06 22:00:12.271,8.92314,8.92966,0.75,0.75
2015.07.06 22:00:13.382,8.92323,8.92977,0.75,0.75
2015.07.06 22:00:17.023,8.92314,8.92966,0.75,0.75
2015.07.06 22:00:19.305,8.92324,8.92976,0.75,0.75
2015.07.06 22:00:27.822,8.92314,8.92966,0.75,0.75
2015.07.06 22:00:29.176,8.92324,8.92976,0.75,0.75
2015.07.06 22:00:32.738,8.92334,8.92986,0.75,0.75
2015.07.06 22:00:33.825,8.92313,8.92967,0.75,0.75
2015.07.06 22:00:36.605,8.92334,8.92986,0.75,0.75
2015.07.06 22:00:44.722,8.92314,8.92966,0.75,0.75
2015.07.06 22:01:01.355,8.92334,8.92986,0.75,0.75
2015.07.06 22:01:11.791,8.92324,8.92976,0.75,0.75
2015.07.06 22:01:14.348,8.92334,8.92986,0.75,0.75
2015.07.06 22:01:16.097,8.92493,8.92955,0.75,0.75
2015.07.06 22:01:16.519,8.92502,8.92962,0.75,0.75
2015.07.06 22:01:16.621,8.92484,8.92946,0.75,0.75
2015.07.06 22:01:16.773,8.92473,8.92933,0.75,0.75
2015.07.06 22:01:21.225,8.92497,8.92957,0.75,0.75
2015.07.06 22:01:28.389,8.92508,8.9297,0.75,0.75
2015.07.06 22:01:28.645,8.92477,8.92977,0.75,0.75
2015.07.06 22:01:28.697,8.92374,8.93026,0.75,0.75
2015.07.06 22:01:30.084,8.92384,8.93036,0.75,0.75
2015.07.06 22:01:30.914,8.92374,8.93026,0.75,0.75
2015.07.06 22:01:38.770,8.92354,8.93006,0.75,0.75
2015.07.06 22:02:34.259,8.92364,8.93016,0.75,0.75
2015.07.06 22:02:37.633,8.92354,8.93006,0.75,0.75
2015.07.06 22:02:46.653,8.92344,8.92996,0.75,0.75
2015.07.06 22:02:47.863,8.92354,8.93006,0.75,0.75
2015.07.06 22:02:53.837,8.92344,8.92996,0.75,0.75
2015.07.06 22:02:54.903,8.92354,8.93006,0.75,0.75
2015.07.06 22:02:57.764,8.92344,8.92996,0.75,0.75
2015.07.06 22:02:58.972,8.92354,8.93006,0.75,0.75
2015.07.06 22:03:00.129,8.92344,8.92996,0.75,0.75
2015.07.06 22:03:01.918,8.92354,8.93006,0.75,0.75
2015.07.06 22:03:03.164,8.92344,8.92996,0.75,0.75
2015.07.06 22:03:04.368,8.92354,8.93006,0.75,0.75
2015.07.06 22:03:09.437,8.92344,8.92996,0.75,0.75
2015.07.06 22:03:17.512,8.92374,8.93026,0.75,0.75
2015.07.06 22:03:18.662,8.92354,8.93006,0.75,0.75
2015.07.06 22:03:57.053,8.92344,8.92996,0.75,0.75
2015.07.06 22:03:58.271,8.92334,8.92986,0.75,0.75
2015.07.06 22:04:01.831,8.92324,8.92976,0.75,0.75
2015.07.06 22:04:02.881,8.92334,8.92986,0.75,0.75
2015.07.06 22:04:29.859,8.92344,8.92996,1.00,1.00
2015.07.06 22:04:34.561,8.92334,8.92986,1.00,1.00
2015.07.06 22:04:37.713,8.92344,8.92996,1.00,1.00
2015.07.06 22:04:39.853,8.92354,8.93006,1.00,1.00
2015.07.06 22:04:59.030,8.92364,8.93016,1.00,1.00
2015.07.06 22:05:00.557,8.92354,8.93006,1.00,1.00
2015.07.06 22:05:19.476,8.92334,8.92986,1.00,1.00
2015.07.06 22:05:20.478,8.92354,8.93006,1.00,1.00
2015.07.06 22:05:21.645,8.92364,8.93016,1.00,1.00
2015.07.06 22:05:24.005,8.92374,8.93026,1.00,1.00
2015.07.06 22:05:25.068,8.92364,8.93016,1.00,1.00
2015.07.06 22:05:39.307,8.92374,8.93026,1.00,1.00
2015.07.06 22:05:43.618,8.92364,8.93016,1.00,1.00
2015.07.06 22:05:46.435,8.92374,8.93026,1.00,1.00
2015.07.06 22:05:49.533,8.92364,8.93016,1.00,1.00
2015.07.06 22:05:50.394,8.92374,8.93026,1.00,1.00
2015.07.06 22:05:52.863,8.92384,8.93036,1.00,1.00
2015.07.06 22:05:53.914,8.92374,8.93026,1.00,1.00
2015.07.06 22:05:56.488,8.92354,8.93006,1.00,1.00
2015.07.06 22:06:03.631,8.92344,8.92996,1.00,1.00
2015.07.06 22:06:04.939,8.92354,8.93006,1.00,1.00
2015.07.06 22:06:23.205,8.92344,8.92996,1.00,1.00
2015.07.06 22:06:24.428,8.92354,8.93006,1.00,1.00
2015.07.06 22:06:25.594,8.92344,8.92996,1.00,1.00
2015.07.06 22:06:26.694,8.92354,8.93006,1.00,1.00
2015.07.06 22:06:27.904,8.92344,8.92996,1.00,1.00
2015.07.06 22:06:29.182,8.92354,8.93006,1.00,1.00
2015.07.06 22:06:30.214,8.92344,8.92996,1.00,1.00
2015.07.06 22:06:31.445,8.92354,8.93006,1.00,1.00
2015.07.06 22:06:32.660,8.92344,8.92996,1.00,1.00
2015.07.06 22:06:33.844,8.92354,8.93006,1.00,1.00
2015.07.06 22:06:51.883,8.92364,8.93016,1.00,1.00
2015.07.06 22:06:58.072,8.92354,8.93006,1.00,1.00
2015.07.06 22:06:59.143,8.92344,8.92996,1.00,1.00
2015.07.06 22:07:01.123,8.92354,8.93006,1.00,1.00
2015.07.06 22:07:02.272,8.92344,8.92996,1.00,1.00
2015.07.06 22:07:04.652,8.92354,8.93006,1.00,1.00
2015.07.06 22:07:05.776,8.92334,8.92986,1.00,1.00
2015.07.06 22:07:06.980,8.92344,8.92996,1.00,1.00
2015.07.06 22:07:08.203,8.92354,8.93006,1.00,1.00
2015.07.06 22:07:09.263,8.92344,8.92996,1.00,1.00
2015.07.06 22:07:10.527,8.92354,8.93006,1.00,1.00
2015.07.06 22:07:11.707,8.92343,8.92997,1.00,1.00
2015.07.06 22:07:13.114,8.92354,8.93006,1.00,1.00
2015.07.06 22:07:13.993,8.92344,8.92996,1.00,1.00
2015.07.06 22:07:15.203,8.92354,8.93006,1.00,1.00
2015.07.06 22:07:16.413,8.92344,8.92996,1.00,1.00
2015.07.06 22:07:17.513,8.92354,8.93006,1.00,1.00
2015.07.06 22:07:18.727,8.92343,8.92997,1.00,1.00
2015.07.06 22:07:19.933,8.92354,8.93006,1.00,1.00
2015.07.06 22:07:21.033,8.92344,8.92996,1.00,1.00
2015.07.06 22:07:22.358,8.92354,8.93006,1.00,1.00
2015.07.06 22:07:23.498,8.92333,8.92987,1.00,1.00
2015.07.06 22:07:24.600,8.92343,8.92997,1.00,1.00
2015.07.06 22:07:26.422,8.92354,8.93006,1.00,1.00
2015.07.06 22:07:27.523,8.92334,8.92986,1.00,1.00
2015.07.06 22:07:28.623,8.92354,8.93006,1.00,1.00
2015.07.06 22:07:52.781,8.92344,8.92996,1.00,1.00
2015.07.06 22:07:56.716,8.92354,8.93006,1.00,1.00
2015.07.06 22:07:58.136,8.92344,8.92996,1.00,1.00
2015.07.06 22:07:59.135,8.92364,8.93016,1.00,1.00
2015.07.06 22:08:00.192,8.92354,8.93006,1.00,1.00
2015.07.06 22:08:02.083,8.92364,8.93016,1.00,1.00
2015.07.06 22:08:04.043,8.92354,8.93006,1.00,1.00
2015.07.06 22:08:05.266,8.92364,8.93016,1.00,1.00
2015.07.06 22:08:08.293,8.92354,8.93006,1.00,1.00
2015.07.06 22:08:09.213,8.92364,8.93016,1.00,1.00
2015.07.06 22:08:10.422,8.92354,8.93006,1.00,1.00
2015.07.06 22:08:12.072,8.92364,8.93016,1.00,1.00
2015.07.06 22:08:14.081,8.92354,8.93006,1.00,1.00
2015.07.06 22:08:15.284,8.92364,8.93016,1.00,1.00
2015.07.06 22:08:16.479,8.92353,8.93007,1.00,1.00
2015.07.06 22:08:34.292,8.92364,8.93016,1.00,1.00
2015.07.06 22:08:37.261,8.92353,8.93007,1.00,1.00
2015.07.06 22:08:38.413,8.92364,8.93016,1.00,1.00
2015.07.06 22:08:41.221,8.92354,8.93006,1.00,1.00
2015.07.06 22:08:42.459,8.92364,8.93016,1.00,1.00
2015.07.06 22:08:43.532,8.92354,8.93006,1.00,1.00
2015.07.06 22:08:45.669,8.92364,8.93016,1.00,1.00
2015.07.06 22:08:49.174,8.92374,8.93026,1.00,1.00
2015.07.06 22:08:55.781,8.92364,8.93016,1.00,1.00
2015.07.06 22:08:56.842,8.92374,8.93026,1.00,1.00
2015.07.06 22:08:59.702,8.92364,8.93016,1.00,1.00
2015.07.06 22:09:00.911,8.92374,8.93026,1.00,1.00
2015.07.06 22:09:03.781,8.92364,8.93016,1.00,1.00
2015.07.06 22:09:06.129,8.92374,8.93026,1.00,1.00
2015.07.06 22:09:09.162,8.92364,8.93016,1.00,1.00
2015.07.06 22:09:11.162,8.92374,8.93026,1.00,1.00
2015.07.06 22:09:13.133,8.92364,8.93016,1.00,1.00
2015.07.06 22:09:14.317,8.92384,8.93036,1.00,1.00
2015.07.06 22:09:15.522,8.92373,8.93027,1.00,1.00
2015.07.06 22:09:27.844,8.92384,8.93036,1.00,1.00
2015.07.06 22:09:29.540,8.92374,8.93026,1.00,1.00
2015.07.06 22:09:30.722,8.92384,8.93036,1.00,1.00
2015.07.06 22:09:33.011,8.92374,8.93026,1.00,1.00
2015.07.06 22:09:42.031,8.92384,8.93036,1.00,1.00
2015.07.06 22:09:43.835,8.92374,8.93026,1.00,1.00
2015.07.06 22:09:44.890,8.92384,8.93036,1.00,1.00
2015.07.06 22:09:47.752,8.92374,8.93026,1.00,1.00
2015.07.06 22:09:48.961,8.92384,8.93036,1.00,1.00
2015.07.06 22:09:51.801,8.92374,8.93026,1.00,1.00
2015.07.06 22:09:52.920,8.92383,8.93037,1.00,1.00
2015.07.06 22:09:55.784,8.92374,8.93026,1.00,1.00
2015.07.06 22:09:56.997,8.92384,8.93036,1.00,1.00
2015.07.06 22:09:58.640,8.92374,8.93026,1.00,1.00
2015.07.06 22:09:59.850,8.92383,8.93037,1.00,1.00
2015.07.06 22:10:02.176,8.92374,8.93026,1.00,1.00
2015.07.06 22:10:07.584,8.92364,8.93016,1.00,1.00
2015.07.06 22:10:08.861,8.92374,8.93026,1.00,1.00
2015.07.06 22:10:10.988,8.92364,8.93016,1.00,1.00
2015.07.06 22:10:11.840,8.92374,8.93026,1.00,1.00
2015.07.06 22:10:14.721,8.92364,8.93016,1.00,1.00
2015.07.06 22:10:17.011,8.92374,8.93026,1.00,1.00
2015.07.06 22:10:21.191,8.92364,8.93016,1.00,1.00
2015.07.06 22:10:22.328,8.92374,8.93026,1.00,1.00
2015.07.06 22:10:25.150,8.92364,8.93016,1.00,1.00
2015.07.06 22:10:27.466,8.92374,8.93026,1.00,1.00
2015.07.06 22:10:28.670,8.92364,8.93016,1.00,1.00
2015.07.06 22:10:32.545,8.92374,8.93026,1.00,1.00
2015.07.06 22:10:33.731,8.92364,8.93016,1.00,1.00
2015.07.06 22:10:34.830,8.92374,8.93026,1.00,1.00
2015.07.06 22:10:36.040,8.92364,8.93016,1.00,1.00
2015.07.06 22:10:41.112,8.92374,8.93026,1.00,1.00
2015.07.06 22:10:42.123,8.92364,8.93016,1.00,1.00
2015.07.06 22:10:53.860,8.92374,8.93026,1.00,1.00
2015.07.06 22:10:56.741,8.92364,8.93016,1.00,1.00
2015.07.06 22:10:57.929,8.92373,8.93027,1.00,1.00
2015.07.06 22:10:59.030,8.92364,8.93016,1.00,1.00
2015.07.06 22:11:01.474,8.92354,8.93006,1.00,1.00
2015.07.06 22:12:46.614,8.92364,8.93016,1.00,1.00
2015.07.06 22:14:30.276,8.92374,8.93026,1.00,1.00
2015.07.06 22:14:31.486,8.92364,8.93016,1.00,1.00
2015.07.06 22:14:35.019,8.92374,8.93026,1.00,1.00
2015.07.06 22:14:37.353,8.92384,8.93036,1.00,1.00
2015.07.06 22:14:38.526,8.92374,8.93026,1.00,1.00
2015.07.06 22:14:39.626,8.92384,8.93036,1.00,1.00
2015.07.06 22:15:16.477,8.92374,8.93026,1.00,1.00
2015.07.06 22:15:17.699,8.92384,8.93036,1.00,1.00
2015.07.06 22:15:18.898,8.92374,8.93026,1.00,1.00
2015.07.06 22:15:19.997,8.92384,8.93036,1.00,1.00
2015.07.06 22:15:21.251,8.92374,8.93026,1.00,1.00
2015.07.06 22:15:22.591,8.92383,8.93037,1.00,1.00
2015.07.06 22:15:49.697,8.92374,8.93026,1.00,1.00
2015.07.06 22:16:06.857,8.92384,8.93036,1.00,1.00
2015.07.06 22:16:14.930,8.92374,8.93026,1.00,1.00
2015.07.06 22:16:16.097,8.92383,8.93037,1.00,1.00
2015.07.06 22:16:37.571,8.92373,8.93027,1.00,1.00
2015.07.06 22:16:38.801,8.92384,8.93036,1.00,1.00
2015.07.06 22:16:50.526,8.92374,8.93026,1.00,1.00
2015.07.06 22:16:51.737,8.92384,8.93036,1.00,1.00
2015.07.06 22:19:16.995,8.92404,8.93056,1.00,1.00
2015.07.06 22:19:17.422,8.92374,8.93026,1.00,1.00
2015.07.06 22:19:18.982,8.92393,8.93047,1.00,1.00
2015.07.06 22:19:34.753,8.92374,8.93026,1.00,1.00
2015.07.06 22:19:35.144,8.92394,8.93046,1.00,1.00
2015.07.06 22:19:36.134,8.92374,8.93026,1.00,1.00
2015.07.06 22:19:37.417,8.92394,8.93046,1.00,1.00
2015.07.06 22:21:02.372,8.92374,8.93026,1.00,1.00
2015.07.06 22:21:04.792,8.92364,8.93016,1.00,1.00
2015.07.06 22:21:44.941,8.92354,8.93006,1.00,1.00
2015.07.06 22:21:46.151,8.92364,8.93016,1.00,1.00
2015.07.06 22:21:47.364,8.92354,8.93006,1.00,1.00
2015.07.06 22:22:03.095,8.92364,8.93016,1.00,1.00
2015.07.06 22:22:12.243,8.92384,8.93036,1.00,1.75
2015.07.06 22:22:12.461,8.92364,8.93016,1.00,1.00
2015.07.06 22:22:13.541,8.92374,8.93026,1.00,1.00
2015.07.06 22:22:14.966,8.92364,8.93016,1.00,1.00
2015.07.06 22:22:15.960,8.92374,8.93026,1.00,1.00
2015.07.06 22:22:17.392,8.92364,8.93016,1.00,1.00
2015.07.06 22:22:18.290,8.92374,8.93026,1.00,1.00
2015.07.06 22:22:19.529,8.92364,8.93016,1.00,1.00
2015.07.06 22:22:20.733,8.92374,8.93026,1.00,1.00
2015.07.06 22:22:21.791,8.92364,8.93016,1.00,1.00
2015.07.06 22:22:23.000,8.92374,8.93026,1.00,1.00
2015.07.06 22:22:24.346,8.92364,8.93016,1.00,1.00
2015.07.06 22:22:25.344,8.92374,8.93026,1.00,1.00
2015.07.06 22:22:26.520,8.92364,8.93016,1.00,1.00
2015.07.06 22:22:27.730,8.92374,8.93026,1.00,1.00
2015.07.06 22:22:28.830,8.92364,8.93016,1.00,1.00
2015.07.06 22:22:30.040,8.92374,8.93026,1.00,1.00
2015.07.06 22:22:31.250,8.92364,8.93016,1.00,1.00
2015.07.06 22:22:32.350,8.92374,8.93026,1.00,1.00
2015.07.06 22:22:33.560,8.92363,8.93017,1.00,1.00
2015.07.06 22:22:34.770,8.92374,8.93026,1.00,1.00
2015.07.06 22:22:35.913,8.92364,8.93016,1.00,1.00
2015.07.06 22:22:37.080,8.92374,8.93026,1.00,1.00
2015.07.06 22:22:38.290,8.92364,8.93016,1.00,1.00
2015.07.06 22:22:39.549,8.92374,8.93026,1.00,1.00
2015.07.06 22:22:40.729,8.92364,8.93016,1.00,1.00
2015.07.06 22:22:41.854,8.92374,8.93026,1.00,1.00
2015.07.06 22:22:43.261,8.92364,8.93016,1.00,1.00
2015.07.06 22:22:44.120,8.92374,8.93026,1.00,1.00
2015.07.06 22:22:45.362,8.92364,8.93016,1.00,1.00
2015.07.06 22:22:46.564,8.92374,8.93026,1.00,1.00
2015.07.06 22:22:47.660,8.92364,8.93016,1.00,1.00
2015.07.06 22:22:48.874,8.92374,8.93026,1.00,1.00
2015.07.06 22:22:50.071,8.92364,8.93016,1.00,1.00
2015.07.06 22:22:51.160,8.92374,8.93026,1.00,1.00
2015.07.06 22:22:52.370,8.92363,8.93017,1.00,1.00
2015.07.06 22:22:53.606,8.92374,8.93026,1.00,1.00
2015.07.06 22:22:54.680,8.92364,8.93016,1.00,1.00
2015.07.06 22:22:55.890,8.92374,8.93026,1.00,1.00
2015.07.06 22:22:57.100,8.92363,8.93017,1.00,1.00
2015.07.06 22:22:58.200,8.92374,8.93026,1.00,1.00
2015.07.06 22:22:59.443,8.92364,8.93016,1.00,1.00
2015.07.06 22:23:00.620,8.92374,8.93026,1.00,1.00
2015.07.06 22:23:01.720,8.92364,8.93016,1.00,1.00
2015.07.06 22:23:02.930,8.92384,8.93036,1.00,1.00
2015.07.06 22:23:04.140,8.92374,8.93026,1.00,1.00
2015.07.06 22:23:07.126,8.92384,8.93036,1.00,1.00
2015.07.06 22:23:34.216,8.92394,8.93046,1.00,1.82
2015.07.06 22:23:34.677,8.92414,8.93066,1.00,1.75
2015.07.06 22:23:36.631,8.92424,8.93074,1.00,1.12
2015.07.06 22:24:30.018,8.92424,8.93075,1.00,1.12
2015.07.06 22:24:35.470,8.92414,8.93066,1.00,1.47
2015.07.06 22:24:35.521,8.92414,8.93066,1.00,1.85
2015.07.06 22:24:36.538,8.92404,8.93056,1.00,1.75
2015.07.06 22:24:42.888,8.92404,8.93056,1.00,1.00
2015.07.06 22:24:53.395,8.92404,8.93066,1.00,1.00
2015.07.06 22:24:53.699,8.92454,8.93106,1.00,1.00
2015.07.06 22:24:54.936,8.92464,8.93116,1.00,1.00
2015.07.06 22:24:55.335,8.92444,8.93096,1.00,1.00
2015.07.06 22:24:56.118,8.92454,8.93106,1.00,1.00
2015.07.06 22:24:58.891,8.92464,8.93116,1.00,1.00
2015.07.06 22:25:04.496,8.92484,8.93166,1.00,1.00
2015.07.06 22:25:05.627,8.92504,8.93166,1.00,1.00
2015.07.06 22:25:06.300,8.92514,8.93196,1.00,1.00
2015.07.06 22:25:07.357,8.92514,8.93166,1.00,1.00
2015.07.06 22:25:09.254,8.92504,8.93166,1.00,1.00
2015.07.06 22:25:10.325,8.92504,8.93156,1.00,1.00
2015.07.06 22:25:12.758,8.92514,8.93166,1.00,1.00
2015.07.06 22:25:24.301,8.92524,8.93176,1.00,1.00
2015.07.06 22:25:24.538,8.92524,8.93196,1.00,1.00
2015.07.06 22:25:25.513,8.92544,8.93206,1.00,1.00
2015.07.06 22:25:29.906,8.92544,8.93196,1.00,1.00
2015.07.06 22:25:31.571,8.92554,8.93206,1.00,1.00
2015.07.06 22:25:43.254,8.92564,8.93226,1.00,1.00
2015.07.06 22:25:44.462,8.92574,8.93226,1.00,1.00
2015.07.06 22:25:45.086,8.92594,8.93246,1.00,1.00
2015.07.06 22:26:04.362,8.92594,8.93256,1.00,1.00
2015.07.06 22:26:04.555,8.92594,8.93296,1.00,1.00
2015.07.06 22:26:04.825,8.92604,8.93296,1.00,1.00
2015.07.06 22:26:05.028,8.92527,8.93395,1.00,1.00
2015.07.06 22:26:06.543,8.92572,8.93396,1.00,1.00
2015.07.06 22:26:06.796,8.92574,8.93416,1.00,1.00
2015.07.06 22:26:07.796,8.92583,8.93367,1.00,1.00
2015.07.06 22:26:07.997,8.92572,8.93396,1.00,1.00
2015.07.06 22:26:08.955,8.92604,8.93386,1.00,1.00
2015.07.06 22:26:09.207,8.92584,8.93416,1.00,1.00
2015.07.06 22:26:10.215,8.92594,8.93366,1.00,1.00
2015.07.06 22:26:11.265,8.92584,8.93356,1.00,1.00
2015.07.06 22:26:24.294,8.92584,8.93366,1.00,1.00
2015.07.06 22:26:24.596,8.92564,8.93386,1.00,1.00
2015.07.06 22:26:24.797,8.92563,8.93407,1.00,1.00
2015.07.06 22:26:25.834,8.92584,8.93416,1.00,1.00
2015.07.06 22:26:44.264,8.92574,8.93416,1.00,1.00
2015.07.06 22:26:44.484,8.92594,8.93436,1.00,1.00
2015.07.06 22:26:51.642,8.92604,8.93436,1.00,1.00
2015.07.06 22:27:04.284,8.92598,8.93426,1.00,1.00
2015.07.06 22:27:05.210,8.92624,8.93446,1.00,1.00
2015.07.06 22:27:12.864,8.92624,8.93456,1.00,1.00
2015.07.06 22:27:24.344,8.92624,8.93446,1.00,1.00
2015.07.06 22:27:24.695,8.92634,8.93456,1.00,1.00
2015.07.06 22:27:24.746,8.92644,8.93482,1.00,1.00
2015.07.06 22:27:25.734,8.92654,8.93482,1.00,1.00
2015.07.06 22:27:32.432,8.92654,8.93486,1.00,1.00
2015.07.06 22:27:41.469,8.92734,8.93386,1.00,1.00
2015.07.06 22:27:41.867,8.92764,8.93416,1.00,1.00
2015.07.06 22:27:42.607,8.92753,8.93407,1.00,1.00
2015.07.06 22:27:43.265,8.92784,8.93436,1.00,1.00
2015.07.06 22:27:44.434,8.92764,8.93416,1.00,1.00
2015.07.06 22:27:45.644,8.92773,8.93427,1.00,1.00
2015.07.06 22:27:53.475,8.92784,8.93436,1.00,1.00
2015.07.06 22:27:54.019,8.92804,8.93456,1.00,1.00
2015.07.06 22:27:54.689,8.92784,8.93436,1.00,1.00
2015.07.06 22:27:55.891,8.92794,8.93446,1.00,1.00
2015.07.06 22:28:04.233,8.92803,8.93457,1.00,1.00
2015.07.06 22:28:04.604,8.92824,8.93476,1.00,1.00
2015.07.06 22:28:13.363,8.92834,8.93486,1.00,1.00
2015.07.06 22:28:22.839,8.92814,8.93466,1.00,1.00
2015.07.06 22:28:23.813,8.92824,8.93476,1.00,1.00
2015.07.06 22:28:24.716,8.92854,8.93506,1.00,1.00
2015.07.06 22:28:25.824,8.92844,8.93496,1.00,1.00
2015.07.06 22:28:44.323,8.92854,8.93506,1.00,1.00
2015.07.06 22:28:44.674,8.92874,8.93526,1.00,1.00
2015.07.06 22:28:45.165,8.92854,8.93506,1.00,1.00
2015.07.06 22:28:46.740,8.92914,8.93576,1.00,1.00
2015.07.06 22:28:46.927,8.92944,8.93606,1.00,1.00
2015.07.06 22:28:47.911,8.92934,8.93596,1.00,1.00
2015.07.06 22:28:56.745,8.92944,8.93606,1.00,1.00
2015.07.06 22:28:57.087,8.92944,8.93596,1.00,1.00
2015.07.06 22:28:57.472,8.92964,8.93616,1.00,1.00
2015.07.06 22:28:58.572,8.92954,8.93606,1.00,1.00
2015.07.06 22:29:04.563,8.92984,8.93636,1.00,1.00
2015.07.06 22:29:05.066,8.92954,8.93606,1.00,1.00
2015.07.06 22:29:06.168,8.92964,8.93616,1.00,1.00
2015.07.06 22:29:18.269,8.92953,8.93607,1.00,1.00
2015.07.06 22:29:19.500,8.92964,8.93616,1.00,1.00
2015.07.06 22:29:20.572,8.92954,8.93606,1.00,1.00
2015.07.06 22:29:23.690,8.92964,8.93616,1.00,1.00
2015.07.06 22:29:24.864,8.92954,8.93606,1.00,1.00
2015.07.06 22:29:27.899,8.92964,8.93616,1.00,1.00
2015.07.06 22:29:30.032,8.92954,8.93606,1.00,1.00
2015.07.06 22:29:30.643,8.92934,8.93586,1.00,1.00
2015.07.06 22:29:31.352,8.92944,8.93596,1.00,1.00
2015.07.06 22:29:37.304,8.92954,8.93606,1.00,1.00
2015.07.06 22:29:38.632,8.92964,8.93616,1.00,1.00
2015.07.06 22:29:44.342,8.92973,8.93627,1.00,1.00
2015.07.06 22:29:45.465,8.92964,8.93616,1.00,1.00
2015.07.06 22:29:50.387,8.92984,8.93636,1.00,1.00
2015.07.06 22:29:55.486,8.92994,8.93646,1.00,1.00
2015.07.06 22:29:55.702,8.93023,8.93677,1.00,1.00
2015.07.06 22:29:56.679,8.93014,8.93666,1.00,1.00
2015.07.06 22:29:58.412,8.93024,8.93676,1.00,1.00
2015.07.06 22:29:59.622,8.93014,8.93666,1.00,1.00
2015.07.06 22:30:04.237,8.93024,8.93676,1.00,1.00
2015.07.06 22:30:05.447,8.93034,8.93686,1.00,1.00
2015.07.06 22:30:09.431,8.93024,8.93676,1.00,1.00
2015.07.06 22:30:10.644,8.93034,8.93686,1.00,1.00
2015.07.06 22:30:11.850,8.93044,8.93696,1.00,1.00
2015.07.06 22:30:24.509,8.93054,8.93706,1.00,1.00
2015.07.06 22:30:24.841,8.93034,8.93686,1.00,1.00
2015.07.06 22:30:31.007,8.93024,8.93676,1.00,1.00
2015.07.06 22:30:32.066,8.93034,8.93686,1.00,1.00
2015.07.06 22:30:33.313,8.93024,8.93676,1.00,1.00
2015.07.06 22:30:35.586,8.93034,8.93686,1.00,1.00
2015.07.06 22:30:39.106,8.93024,8.93676,1.00,1.00
2015.07.06 22:30:40.330,8.93034,8.93686,1.00,1.00
2015.07.06 22:30:45.412,8.93024,8.93676,1.00,1.00
2015.07.06 22:30:47.906,8.93034,8.93686,1.00,1.00
2015.07.06 22:30:49.006,8.93024,8.93676,1.00,1.00
2015.07.06 22:30:51.886,8.93034,8.93686,1.00,1.00
2015.07.06 22:30:53.175,8.93024,8.93676,1.00,1.00
2015.07.06 22:30:55.903,8.93034,8.93686,1.00,1.00
2015.07.06 22:30:57.036,8.93024,8.93676,1.00,1.00
2015.07.06 22:31:00.556,8.93034,8.93686,1.00,1.00
2015.07.06 22:31:03.966,8.93024,8.93676,1.00,1.00
2015.07.06 22:31:44.345,8.93034,8.93686,1.00,1.00
2015.07.06 22:31:45.435,8.93024,8.93676,1.00,1.00
2015.07.06 22:32:05.447,8.93014,8.93666,1.00,1.00
2015.07.06 22:32:06.445,8.93024,8.93676,1.00,1.00
2015.07.06 22:32:07.656,8.93014,8.93666,1.00,1.00
2015.07.06 22:32:14.428,8.93024,8.93676,1.00,1.00
2015.07.06 22:32:25.514,8.93014,8.93666,1.00,1.00
2015.07.06 22:32:26.724,8.93024,8.93676,1.00,1.00
2015.07.06 22:32:35.304,8.93014,8.93666,1.00,1.00
2015.07.06 22:32:51.034,8.93024,8.93676,1.00,1.00
2015.07.06 22:32:57.647,8.93034,8.93686,1.00,1.00
2015.07.06 22:32:58.769,8.93024,8.93676,1.00,1.00
2015.07.06 22:33:01.273,8.93014,8.93666,1.00,1.00
2015.07.06 22:33:02.279,8.93024,8.93676,1.00,1.00
2015.07.06 22:33:07.315,8.93014,8.93666,1.00,1.00
2015.07.06 22:33:21.298,8.93004,8.93656,1.00,1.00
2015.07.06 22:33:22.824,8.93013,8.93667,1.00,1.00
2015.07.06 22:33:25.134,8.93024,8.93676,1.00,1.00
2015.07.06 22:33:26.353,8.93014,8.93666,1.00,1.00
2015.07.06 22:33:31.073,8.93024,8.93676,1.00,1.00
2015.07.06 22:33:33.405,8.93014,8.93666,1.00,1.00
2015.07.06 22:33:37.453,8.92846,8.93813,1.75,1.12
2015.07.06 22:33:37.504,8.92846,8.93813,1.00,1.00
2015.07.06 22:33:52.585,8.92838,8.93806,1.00,1.00
2015.07.06 22:34:12.479,8.92837,8.93805,1.00,1.00
2015.07.06 22:34:32.437,8.92832,8.938,1.00,1.00
2015.07.06 22:34:52.461,8.92831,8.93798,1.00,1.00
2015.07.06 22:35:12.522,8.92832,8.93798,1.00,1.00
2015.07.06 22:35:12.573,8.92851,8.9382,1.00,1.00
2015.07.06 22:35:32.552,8.92855,8.93823,1.00,1.00
2015.07.06 22:35:52.534,8.92857,8.93825,1.00,1.00
2015.07.06 22:36:12.531,8.92851,8.93819,1.00,1.00
2015.07.06 22:36:32.488,8.92848,8.93816,1.00,1.00
2015.07.06 22:36:52.512,8.92848,8.93815,1.00,1.00
2015.07.06 22:37:12.422,8.92832,8.938,1.75,1.00
2015.07.06 22:37:32.560,8.92833,8.93789,1.12,1.00
2015.07.06 22:37:52.486,8.92833,8.93791,1.12,1.00
2015.07.06 22:38:12.513,8.92833,8.93792,1.12,1.00
2015.07.06 22:38:32.440,8.92823,8.93791,1.87,1.00
2015.07.06 22:38:41.116,8.92823,8.93791,1.87,1.75
2015.07.06 22:39:04.436,8.92923,8.93843,1.50,1.50
2015.07.06 22:39:04.546,8.92989,8.93863,1.50,1.50
2015.07.06 22:39:24.676,8.92975,8.93911,1.50,1.75
2015.07.06 22:39:24.736,8.92955,8.93911,1.50,1.00
2015.07.06 22:39:25.005,8.92955,8.93911,1.50,1.00
2015.07.06 22:39:32.466,8.9304,8.93916,1.50,1.00
2015.07.06 22:39:52.400,8.9304,8.93963,1.50,1.00
2015.07.06 22:39:52.502,8.9304,8.93974,1.50,1.00
2015.07.06 22:40:02.740,8.93006,8.93974,1.75,1.00
2015.07.06 22:40:02.802,8.93006,8.93974,1.00,1.00
2015.07.06 22:40:03.005,8.92959,8.93927,1.75,1.00
2015.07.06 22:40:03.056,8.92959,8.93927,1.00,1.00
2015.07.06 22:40:03.208,8.92983,8.93851,1.00,1.00
2015.07.06 22:40:05.500,8.92963,8.93807,1.00,1.00
2015.07.06 22:40:05.551,8.92939,8.93807,1.00,1.00
2015.07.06 22:40:12.671,8.92927,8.93795,1.00,1.00
2015.07.06 22:40:28.029,8.92927,8.93795,1.75,1.00
2015.07.06 22:40:32.532,8.92928,8.93796,1.75,1.00
2015.07.06 22:40:38.808,8.92928,8.93796,1.00,1.00
2015.07.06 22:40:52.512,8.92929,8.93797,1.00,1.00
2015.07.06 22:41:12.640,8.92924,8.93792,1.00,1.00
2015.07.06 22:41:32.574,8.92917,8.93785,1.00,1.00
2015.07.06 22:42:12.524,8.92916,8.93784,1.00,1.00
2015.07.06 22:42:32.430,8.92915,8.93785,1.00,1.00
2015.07.06 22:42:52.455,8.92922,8.9379,1.00,1.00
2015.07.06 22:43:12.492,8.92929,8.93797,1.00,1.00
2015.07.06 22:43:52.422,8.92924,8.93792,1.00,1.00
2015.07.06 22:44:12.476,8.9292,8.9379,1.00,1.00
2015.07.06 22:44:32.550,8.92918,8.93786,1.00,1.00
2015.07.06 22:44:52.407,8.92922,8.93792,1.00,1.00
2015.07.06 22:45:12.437,8.92907,8.93775,1.00,1.00
2015.07.06 22:45:32.467,8.92929,8.93795,1.00,1.00
2015.07.06 22:45:32.518,8.92929,8.93797,1.00,1.00
2015.07.06 22:45:52.568,8.92936,8.93804,1.00,1.00
2015.07.06 22:46:12.509,8.9292,8.93788,1.00,1.00
2015.07.06 22:46:32.433,8.92927,8.93795,1.00,1.00
2015.07.06 22:46:52.469,8.92935,8.93803,1.00,1.00
2015.07.06 22:47:12.395,8.92937,8.93805,1.00,1.00
2015.07.06 22:47:32.417,8.92927,8.93795,1.00,1.00
2015.07.06 22:47:52.490,8.92926,8.93796,1.00,1.00
2015.07.06 22:48:12.472,8.92926,8.93794,1.00,1.00
2015.07.06 22:48:32.502,8.92936,8.93804,1.00,1.00
2015.07.06 22:48:52.419,8.92916,8.93777,1.00,1.00
2015.07.06 22:48:52.478,8.92909,8.93777,1.00,1.00
2015.07.06 22:48:59.272,8.92898,8.93768,1.00,1.00
2015.07.06 22:49:12.453,8.9291,8.93778,1.00,1.00
2015.07.06 22:49:32.369,8.92912,8.9378,1.00,1.00
2015.07.06 22:49:52.393,8.92911,8.93779,1.00,1.00
2015.07.06 22:50:12.418,8.92899,8.93767,1.00,1.00
2015.07.06 22:50:32.594,8.92884,8.93752,1.00,1.00
2015.07.06 22:50:52.432,8.92902,8.93752,1.00,1.00
2015.07.06 22:50:52.483,8.92922,8.9379,1.00,1.00
2015.07.06 22:51:03.806,8.92922,8.9379,1.75,1.00
2015.07.06 22:51:04.008,8.93025,8.93893,1.00,1.00
2015.07.06 22:51:12.392,8.93056,8.93913,1.00,1.00
2015.07.06 22:51:12.457,8.93056,8.93924,1.00,1.00
2015.07.06 22:51:32.456,8.93073,8.93941,1.00,1.00
2015.07.06 22:51:52.357,8.93074,8.93942,1.00,1.00
2015.07.06 22:52:12.486,8.93083,8.93953,1.00,1.00
2015.07.06 22:52:32.406,8.93082,8.93952,1.00,1.00
2015.07.06 22:52:52.429,8.93079,8.93947,1.00,1.00
2015.07.06 22:52:52.878,8.93059,8.93901,1.00,1.00
2015.07.06 22:52:52.929,8.93033,8.93901,2.25,1.00
2015.07.06 22:53:04.729,8.93033,8.93856,1.50,1.00
2015.07.06 22:53:12.354,8.93033,8.93864,1.50,1.00
2015.07.06 22:53:32.380,8.93033,8.93848,1.50,1.00
2015.07.06 22:53:44.521,8.92978,8.93848,1.00,1.00
2015.07.06 22:53:52.444,8.92974,8.93842,1.00,1.00
2015.07.06 22:54:12.439,8.92971,8.93839,1.00,1.00
2015.07.06 22:54:32.472,8.92961,8.93829,1.50,1.00
2015.07.06 22:54:43.737,8.92961,8.93829,1.00,1.00
2015.07.06 22:55:12.523,8.92952,8.9382,1.00,1.00
2015.07.06 22:55:26.559,8.92996,8.9384,1.00,1.00
2015.07.06 22:55:26.610,8.92996,8.93864,1.00,1.00
2015.07.06 22:55:26.712,8.92996,8.93864,1.75,1.00
2015.07.06 22:55:32.595,8.93024,8.93884,1.00,1.00
2015.07.06 22:55:32.651,8.93024,8.93892,1.00,1.00
2015.07.06 22:55:52.360,8.93051,8.93912,1.00,1.00
2015.07.06 22:55:52.421,8.93051,8.93919,1.00,1.00
2015.07.06 22:56:12.382,8.93053,8.93921,1.00,1.00
2015.07.06 22:56:32.538,8.93069,8.93937,1.00,1.00
2015.07.06 22:56:52.471,8.93065,8.93933,1.00,1.00
2015.07.06 22:56:53.672,8.93109,8.93977,1.00,1.00
2015.07.06 22:57:12.376,8.93121,8.93989,1.00,1.00
2015.07.06 22:57:32.443,8.93118,8.93986,1.00,1.00
2015.07.06 22:57:52.468,8.93117,8.93985,1.00,1.00
2015.07.06 22:58:00.807,8.92954,8.94106,1.75,1.75
2015.07.06 22:58:25.191,8.92964,8.94116,1.75,1.75
2015.07.06 22:58:45.755,8.93043,8.94065,1.12,1.50
2015.07.06 22:58:46.237,8.93143,8.94052,1.50,1.12
2015.07.06 22:59:25.487,8.93143,8.94046,1.50,1.50
2015.07.06 22:59:40.805,8.93143,8.94045,1.50,1.50
