2013.05.06 06:00:00.650,7.60872,7.61073,1.50,1.50
2013.05.06 06:00:23.226,7.60887,7.61073,2.93,1.50
2013.05.06 06:00:23.410,7.60928,7.61129,2.25,2.25
2013.05.06 06:00:23.470,7.60928,7.61139,2.25,3.00
2013.05.06 06:00:43.780,7.60928,7.61139,3.75,1.50
2013.05.06 06:01:04.296,7.60929,7.61135,1.50,2.25
2013.05.06 06:02:05.572,7.60897,7.61183,2.40,2.93
2013.05.06 06:02:26.819,7.60888,7.61182,1.88,2.55
2013.05.06 06:02:31.809,7.60898,7.61182,2.03,1.88
2013.05.06 06:02:41.509,7.60897,7.61163,2.33,2.25
2013.05.06 06:02:46.197,7.60918,7.6113,2.25,2.25
2013.05.06 06:03:27.337,7.60915,7.61127,2.25,2.25
2013.05.06 06:03:27.820,7.60904,7.61103,3.00,1.50
2013.05.06 06:03:28.001,7.60897,7.61093,1.50,2.25
2013.05.06 06:03:48.310,7.60903,7.61096,1.50,1.50
2013.05.06 06:04:30.232,7.60897,7.61093,1.50,2.25
2013.05.06 06:04:51.371,7.60902,7.61096,1.50,1.50
2013.05.06 06:05:32.237,7.60902,7.61094,1.50,2.25
2013.05.06 06:05:48.200,7.60904,7.61094,1.50,3.00
2013.05.06 06:05:48.321,7.60908,7.61107,1.50,2.25
2013.05.06 06:05:48.891,7.60902,7.61096,1.50,2.25
2013.05.06 06:06:03.180,7.60902,7.61072,1.50,1.50
2013.05.06 06:06:03.300,7.60902,7.61096,1.50,2.25
2013.05.06 06:06:44.380,7.60897,7.61093,1.50,2.25
2013.05.06 06:07:04.315,7.60897,7.61093,1.50,3.00
2013.05.06 06:07:25.261,7.60898,7.61089,1.50,1.50
2013.05.06 06:07:45.281,7.60898,7.61089,1.50,1.50
2013.05.06 06:07:46.360,7.60888,7.61083,2.48,2.25
2013.05.06 06:07:46.541,7.60853,7.61046,1.50,1.50
2013.05.06 06:07:46.600,7.60843,7.6104,1.88,3.00
2013.05.06 06:07:46.721,7.60821,7.61029,1.50,1.50
2013.05.06 06:07:46.840,7.60817,7.6102,2.93,1.50
2013.05.06 06:07:47.021,7.60812,7.6102,1.50,1.50
2013.05.06 06:07:47.080,7.60807,7.61004,3.15,1.50
2013.05.06 06:07:47.140,7.60807,7.61004,1.50,1.50
2013.05.06 06:07:47.261,7.60807,7.60942,1.50,2.78
2013.05.06 06:07:47.381,7.60722,7.60903,1.50,1.50
2013.05.06 06:07:47.441,7.60715,7.60887,1.80,2.25
2013.05.06 06:07:47.681,7.60664,7.60857,1.50,1.50
2013.05.06 06:07:47.801,7.60664,7.6085,1.50,3.00
2013.05.06 06:07:47.861,7.60654,7.60837,1.50,3.00
2013.05.06 06:07:47.980,7.60633,7.60837,1.50,1.50
2013.05.06 06:07:48.161,7.60623,7.60828,1.88,2.25
2013.05.06 06:07:48.341,7.60652,7.60851,1.50,3.00
2013.05.06 06:07:48.461,7.60631,7.60826,2.25,1.50
2013.05.06 06:07:48.604,7.60622,7.60822,1.50,1.50
2013.05.06 06:07:48.671,7.60618,7.60819,1.50,3.00
2013.05.06 06:07:49.051,7.60562,7.60759,1.50,3.00
2013.05.06 06:07:49.360,7.60568,7.60782,3.00,4.50
2013.05.06 06:07:49.900,7.60613,7.60825,1.50,1.50
2013.05.06 06:07:50.260,7.60641,7.60855,3.00,3.00
2013.05.06 06:07:51.210,7.60661,7.60875,3.00,3.00
2013.05.06 06:07:51.823,7.60648,7.60862,3.00,3.00
2013.05.06 06:08:09.621,7.60657,7.60871,3.00,3.00
2013.05.06 06:08:11.320,7.60648,7.6086,2.25,2.25
2013.05.06 06:08:31.821,7.60657,7.60861,2.25,1.50
2013.05.06 06:08:38.151,7.60681,7.60878,1.50,2.25
2013.05.06 06:08:38.210,7.60681,7.60893,3.00,3.00
2013.05.06 06:08:43.841,7.60681,7.60867,2.25,2.25
2013.05.06 06:08:43.904,7.6063,7.60818,2.25,1.50
2013.05.06 06:08:43.971,7.60602,7.60773,2.25,1.50
2013.05.06 06:08:44.154,7.60549,7.60737,1.50,2.25
2013.05.06 06:08:44.424,7.60558,7.60765,1.50,2.25
2013.05.06 06:08:45.621,7.60598,7.60775,1.50,3.00
2013.05.06 06:08:45.741,7.60604,7.60804,1.50,2.25
2013.05.06 06:08:45.800,7.60604,7.60816,3.00,3.00
2013.05.06 06:08:46.640,7.60624,7.60827,1.50,2.25
2013.05.06 06:08:46.761,7.60625,7.60837,2.25,2.25
2013.05.06 06:08:47.600,7.60633,7.60838,2.25,1.50
2013.05.06 06:08:48.213,7.60656,7.60868,2.25,2.25
2013.05.06 06:09:08.290,7.60659,7.60871,3.00,3.00
2013.05.06 06:09:27.581,7.60649,7.60861,3.00,3.00
2013.05.06 06:09:28.261,7.60638,7.6085,3.00,3.00
2013.05.06 06:09:48.350,7.60636,7.60848,3.00,3.00
2013.05.06 06:10:48.379,7.60578,7.60913,2.63,1.13
2013.05.06 06:10:50.269,7.60638,7.6085,2.25,2.25
2013.05.06 06:11:11.341,7.60636,7.60848,2.25,2.25
2013.05.06 06:11:52.370,7.60637,7.60849,3.00,3.00
2013.05.06 06:12:13.311,7.60644,7.60856,1.50,1.50
2013.05.06 06:12:32.100,7.60632,7.60844,3.00,3.00
2013.05.06 06:12:52.178,7.60636,7.60844,2.25,1.50
2013.05.06 06:13:48.961,7.60609,7.60821,3.00,3.00
2013.05.06 06:13:50.841,7.60617,7.60829,3.00,3.00
2013.05.06 06:14:31.254,7.60624,7.60829,2.25,1.50
2013.05.06 06:15:10.992,7.60624,7.60817,1.50,2.25
2013.05.06 06:15:11.352,7.60581,7.60755,2.25,2.25
2013.05.06 06:15:11.412,7.60567,7.60755,1.50,2.25
2013.05.06 06:15:11.472,7.60543,7.60741,2.25,1.50
2013.05.06 06:15:11.531,7.60542,7.60717,1.50,1.50
2013.05.06 06:15:11.592,7.60518,7.60714,1.50,2.25
2013.05.06 06:15:11.951,7.60532,7.60721,1.50,1.50
2013.05.06 06:15:12.011,7.60537,7.60721,1.50,1.50
2013.05.06 06:15:13.362,7.60598,7.60736,1.50,2.25
2013.05.06 06:15:13.481,7.60598,7.60758,1.50,1.50
2013.05.06 06:15:13.542,7.60598,7.60806,2.25,1.50
2013.05.06 06:15:14.781,7.60602,7.60806,2.25,1.50
2013.05.06 06:15:27.041,7.60598,7.60804,2.25,3.00
2013.05.06 06:15:27.161,7.60571,7.60783,3.00,3.00
2013.05.06 06:15:28.611,7.60562,7.60774,3.00,3.00
2013.05.06 06:15:49.332,7.60568,7.60782,3.00,3.00
2013.05.06 06:16:10.213,7.60568,7.60776,1.50,2.25
2013.05.06 06:16:30.752,7.60562,7.60765,1.50,2.25
2013.05.06 06:16:51.231,7.6055,7.60762,1.50,1.50
2013.05.06 06:17:31.901,7.60562,7.60774,3.00,3.00
2013.05.06 06:18:03.932,7.60573,7.60785,3.00,3.00
2013.05.06 06:18:04.242,7.60581,7.60793,3.00,3.00
2013.05.06 06:18:11.832,7.60589,7.60803,3.00,3.00
2013.05.06 06:18:31.902,7.60597,7.60786,2.25,2.25
2013.05.06 06:18:52.341,7.60597,7.6079,2.25,3.00
2013.05.06 06:18:52.522,7.60597,7.60723,2.25,2.63
2013.05.06 06:18:52.581,7.60597,7.60723,1.50,2.63
2013.05.06 06:18:52.642,7.60563,7.60723,2.25,2.63
2013.05.06 06:18:52.701,7.60511,7.60713,2.25,1.50
2013.05.06 06:19:08.783,7.60568,7.60732,1.50,3.00
2013.05.06 06:19:08.902,7.6057,7.60782,1.50,1.50
2013.05.06 06:19:08.963,7.60578,7.60782,2.25,1.50
2013.05.06 06:19:10.111,7.60587,7.60799,2.25,2.25
2013.05.06 06:19:26.792,7.60586,7.60782,1.50,2.25
2013.05.06 06:19:26.972,7.60569,7.60771,1.50,2.25
2013.05.06 06:19:27.339,7.6054,7.60752,3.00,3.00
2013.05.06 06:19:27.872,7.60551,7.60763,3.00,3.00
2013.05.06 06:19:47.825,7.60555,7.60767,1.50,1.50
2013.05.06 06:20:28.931,7.60549,7.60761,2.25,2.25
2013.05.06 06:21:10.310,7.60556,7.60768,3.00,3.00
2013.05.06 06:21:31.273,7.60554,7.60766,3.00,3.00
2013.05.06 06:22:12.332,7.60553,7.60765,1.50,1.50
2013.05.06 06:22:28.393,7.60552,7.60742,2.25,1.50
2013.05.06 06:22:28.453,7.6052,7.60717,2.25,1.50
2013.05.06 06:22:28.513,7.6051,7.60716,1.50,2.25
2013.05.06 06:22:28.822,7.60521,7.60735,3.00,3.00
2013.05.06 06:22:28.956,7.60532,7.60744,3.00,3.00
2013.05.06 06:22:49.243,7.60535,7.60744,2.25,1.50
2013.05.06 06:23:09.802,7.60542,7.60747,2.25,1.50
2013.05.06 06:23:30.262,7.6054,7.60752,1.50,1.50
2013.05.06 06:23:51.317,7.60542,7.60754,1.50,1.50
2013.05.06 06:24:03.843,7.60503,7.60672,1.50,1.50
2013.05.06 06:24:03.903,7.60466,7.60672,3.00,2.25
2013.05.06 06:24:03.963,7.60466,7.60663,1.50,2.25
2013.05.06 06:24:24.243,7.60454,7.60662,2.25,1.50
2013.05.06 06:24:45.394,7.60456,7.60663,3.00,1.50
2013.05.06 06:24:53.932,7.6048,7.60663,1.50,1.50
2013.05.06 06:24:54.233,7.60495,7.60672,3.00,2.25
2013.05.06 06:24:56.103,7.60469,7.60663,2.25,1.50
2013.05.06 06:25:01.023,7.6048,7.6067,2.25,1.50
2013.05.06 06:25:01.814,7.6048,7.6067,3.00,1.50
2013.05.06 06:25:03.113,7.6048,7.60662,1.50,1.50
2013.05.06 06:25:23.282,7.60472,7.60662,2.25,1.50
2013.05.06 06:25:26.852,7.60447,7.60635,1.50,2.25
2013.05.06 06:25:27.316,7.60427,7.60602,1.91,1.50
2013.05.06 06:25:33.865,7.60432,7.60602,2.33,1.50
2013.05.06 06:25:36.223,7.60424,7.60602,3.00,1.50
2013.05.06 06:25:44.372,7.60424,7.60602,1.50,1.50
2013.05.06 06:25:52.303,7.60425,7.60602,3.00,1.50
2013.05.06 06:26:12.424,7.60421,7.60602,2.25,1.50
2013.05.06 06:26:21.772,7.60429,7.60602,3.00,1.50
2013.05.06 06:26:23.395,7.60417,7.60602,2.25,1.50
2013.05.06 06:26:27.003,7.60417,7.60629,2.25,2.25
2013.05.06 06:26:34.812,7.60427,7.60639,1.50,1.50
2013.05.06 06:26:34.932,7.60413,7.60625,3.00,3.00
2013.05.06 06:26:37.176,7.60426,7.60638,2.25,2.25
2013.05.06 06:26:59.562,7.60425,7.60629,1.50,2.25
2013.05.06 06:26:59.742,7.60424,7.60638,3.00,3.00
2013.05.06 06:27:28.732,7.60415,7.60627,2.25,2.25
2013.05.06 06:27:34.672,7.60422,7.60628,2.25,1.50
2013.05.06 06:28:01.672,7.60422,7.60628,1.50,2.25
2013.05.06 06:28:21.732,7.6041,7.60624,3.00,3.00
2013.05.06 06:28:22.303,7.60419,7.60631,1.50,1.50
2013.05.06 06:28:27.023,7.60419,7.6062,1.50,2.25
2013.05.06 06:28:37.412,7.60416,7.6062,2.25,1.50
2013.05.06 06:28:42.873,7.60404,7.60616,3.00,3.00
2013.05.06 06:28:46.432,7.60421,7.60633,3.00,3.00
2013.05.06 06:29:16.303,7.60411,7.60625,3.00,3.00
2013.05.06 06:29:35.463,7.60435,7.60647,1.50,1.50
2013.05.06 06:29:45.543,7.60435,7.6064,1.50,2.25
2013.05.06 06:30:04.143,7.60443,7.60647,1.50,2.25
2013.05.06 06:30:04.774,7.60448,7.60652,1.50,1.50
2013.05.06 06:30:06.044,7.60452,7.60653,3.00,1.50
2013.05.06 06:30:14.244,7.60448,7.60653,1.50,1.50
2013.05.06 06:30:16.003,7.60448,7.60647,1.50,3.00
2013.05.06 06:30:16.453,7.60421,7.60633,3.00,3.00
2013.05.06 06:30:17.093,7.60406,7.60618,3.00,3.00
2013.05.06 06:30:37.293,7.60399,7.60613,3.00,3.00
2013.05.06 06:31:11.104,7.60418,7.60621,1.50,1.50
2013.05.06 06:31:18.045,7.60432,7.60621,1.50,1.50
2013.05.06 06:31:18.414,7.6042,7.6061,1.50,3.00
2013.05.06 06:31:18.474,7.60407,7.6061,1.50,3.00
2013.05.06 06:31:20.365,7.60408,7.60617,1.50,2.25
2013.05.06 06:31:27.455,7.60429,7.60617,1.50,2.25
2013.05.06 06:31:36.195,7.60429,7.60617,1.50,2.25
2013.05.06 06:31:38.926,7.60405,7.60617,2.25,2.25
2013.05.06 06:31:39.253,7.60429,7.60617,1.50,2.25
2013.05.06 06:31:39.313,7.60442,7.60632,1.50,3.00
2013.05.06 06:31:40.147,7.60418,7.60632,3.00,3.00
2013.05.06 06:31:40.885,7.60442,7.60632,1.50,3.00
2013.05.06 06:31:44.570,7.60442,7.60632,1.50,3.00
2013.05.06 06:31:45.960,7.60442,7.60632,1.50,3.00
2013.05.06 06:31:47.907,7.60442,7.60632,1.50,3.00
2013.05.06 06:31:50.199,7.60442,7.60632,1.50,3.00
2013.05.06 06:31:51.575,7.60442,7.60632,1.50,3.00
2013.05.06 06:31:52.674,7.60442,7.60632,1.50,3.00
2013.05.06 06:31:53.592,7.60442,7.60632,1.50,3.00
2013.05.06 06:31:59.054,7.60442,7.60632,1.50,3.00
2013.05.06 06:32:00.416,7.60442,7.60632,1.50,3.00
2013.05.06 06:32:00.764,7.60442,7.60632,1.50,3.00
2013.05.06 06:32:01.184,7.60442,7.60632,1.50,3.00
2013.05.06 06:32:01.244,7.60468,7.60679,1.50,3.24
2013.05.06 06:32:01.423,7.60477,7.60689,1.50,1.74
2013.05.06 06:32:01.955,7.60477,7.60689,1.50,1.74
2013.05.06 06:32:02.343,7.60485,7.60699,3.00,3.24
2013.05.06 06:32:03.631,7.60485,7.60699,3.00,3.24
2013.05.06 06:32:04.355,7.60485,7.60699,3.00,3.24
2013.05.06 06:32:05.563,7.60485,7.60699,3.00,3.24
2013.05.06 06:32:07.065,7.60485,7.60699,3.00,3.24
2013.05.06 06:32:07.894,7.60485,7.60699,3.00,3.24
2013.05.06 06:32:09.715,7.60485,7.60699,3.00,3.24
2013.05.06 06:32:10.638,7.60485,7.60699,3.00,3.24
2013.05.06 06:32:14.705,7.60485,7.60699,3.00,3.24
2013.05.06 06:32:15.918,7.60485,7.60699,3.00,3.24
2013.05.06 06:32:21.744,7.60485,7.60699,3.00,3.24
2013.05.06 06:32:22.663,7.60509,7.60699,1.35,3.24
2013.05.06 06:32:22.784,7.60638,7.6079,1.43,3.00
2013.05.06 06:32:23.025,7.60648,7.60814,1.50,2.25
2013.05.06 06:32:23.084,7.6064,7.60854,3.00,3.00
2013.05.06 06:32:23.266,7.60642,7.60835,1.50,2.25
2013.05.06 06:32:23.753,7.60602,7.60814,3.00,3.00
2013.05.06 06:32:31.844,7.60629,7.60817,2.25,1.50
2013.05.06 06:32:31.904,7.60629,7.60841,3.00,3.00
2013.05.06 06:32:45.243,7.60639,7.60851,1.50,1.50
2013.05.06 06:32:45.603,7.60646,7.6086,3.00,3.00
2013.05.06 06:32:56.804,7.60658,7.60872,3.00,3.00
2013.05.06 06:33:16.875,7.60665,7.60872,2.25,1.50
2013.05.06 06:33:26.104,7.60686,7.60898,3.00,3.00
2013.05.06 06:33:26.224,7.60694,7.60908,3.00,3.00
2013.05.06 06:33:26.345,7.60685,7.60893,1.50,2.25
2013.05.06 06:33:31.914,7.60692,7.60906,3.00,3.00
2013.05.06 06:33:37.984,7.60692,7.60896,1.50,2.25
2013.05.06 06:33:38.314,7.60675,7.60887,2.25,2.25
2013.05.06 06:33:58.294,7.60674,7.60873,1.50,1.50
2013.05.06 06:34:18.303,7.60673,7.60872,2.25,1.50
2013.05.06 06:34:27.403,7.60654,7.60853,2.25,2.25
2013.05.06 06:34:28.284,7.60646,7.60853,2.25,2.25
2013.05.06 06:34:49.225,7.60645,7.60853,3.00,2.25
2013.05.06 06:34:57.584,7.60674,7.60853,2.25,1.50
2013.05.06 06:34:57.704,7.60675,7.60887,1.50,1.50
2013.05.06 06:34:57.765,7.60687,7.60887,2.25,1.50
2013.05.06 06:34:58.125,7.60728,7.60908,1.50,3.00
2013.05.06 06:34:58.185,7.60738,7.6095,3.00,3.00
2013.05.06 06:34:58.765,7.60745,7.6095,2.25,1.50
2013.05.06 06:35:01.416,7.60776,7.60972,1.50,2.25
2013.05.06 06:35:01.776,7.60788,7.60972,1.50,1.50
2013.05.06 06:35:08.684,7.6078,7.60972,1.50,2.25
2013.05.06 06:35:09.394,7.60769,7.60972,3.00,2.25
2013.05.06 06:35:09.845,7.60761,7.60972,3.00,2.25
2013.05.06 06:35:16.625,7.60787,7.60972,1.50,2.25
2013.05.06 06:35:16.686,7.60796,7.60972,1.50,1.50
2013.05.06 06:35:16.745,7.60798,7.61001,2.25,2.25
2013.05.06 06:35:16.866,7.60839,7.61029,2.25,1.50
2013.05.06 06:35:16.997,7.6084,7.61022,1.50,1.50
2013.05.06 06:35:18.435,7.60838,7.61028,3.00,1.50
2013.05.06 06:35:20.395,7.60838,7.61028,3.00,1.50
2013.05.06 06:35:20.687,7.60838,7.61042,3.00,3.00
2013.05.06 06:35:20.756,7.60852,7.61042,2.25,1.50
2013.05.06 06:35:29.651,7.60848,7.61052,1.50,1.50
2013.05.06 06:35:29.990,7.60834,7.61039,3.00,1.50
2013.05.06 06:35:30.295,7.60843,7.61033,2.25,1.50
2013.05.06 06:35:55.475,7.6083,7.61032,3.00,1.50
2013.05.06 06:35:55.805,7.60828,7.61032,1.50,1.50
2013.05.06 06:35:57.175,7.6082,7.60953,3.00,1.50
2013.05.06 06:35:57.418,7.60808,7.60953,3.00,1.50
2013.05.06 06:35:57.485,7.60757,7.60953,3.00,2.25
2013.05.06 06:35:57.606,7.60738,7.6095,3.00,3.00
2013.05.06 06:35:58.616,7.60729,7.60941,1.50,1.50
2013.05.06 06:36:05.115,7.60725,7.60903,1.50,2.25
2013.05.06 06:36:05.174,7.60702,7.60903,1.50,2.25
2013.05.06 06:36:06.492,7.60694,7.60903,1.50,2.25
2013.05.06 06:36:10.215,7.60694,7.60899,1.50,2.25
2013.05.06 06:36:17.654,7.60685,7.6089,1.50,2.25
2013.05.06 06:36:37.826,7.60677,7.60883,1.50,2.25
2013.05.06 06:36:41.735,7.60678,7.6089,3.00,3.00
2013.05.06 06:36:42.034,7.60668,7.60882,3.00,3.00
2013.05.06 06:36:44.305,7.60677,7.60889,2.25,2.25
2013.05.06 06:36:45.217,7.60676,7.60882,1.50,2.25
2013.05.06 06:36:46.365,7.60668,7.60848,3.00,1.50
2013.05.06 06:36:46.605,7.60654,7.60833,3.00,1.50
2013.05.06 06:36:46.726,7.60611,7.60823,1.50,1.50
2013.05.06 06:36:58.054,7.60624,7.60813,2.25,1.50
2013.05.06 06:37:04.244,7.60658,7.60836,1.50,3.00
2013.05.06 06:37:04.305,7.60658,7.6085,2.25,2.25
2013.05.06 06:37:04.425,7.60658,7.60851,2.25,1.50
2013.05.06 06:37:04.806,7.60677,7.60889,2.25,2.25
2013.05.06 06:37:05.644,7.60686,7.60898,1.50,1.50
2013.05.06 06:37:11.614,7.60686,7.60875,1.50,1.50
2013.05.06 06:37:11.794,7.60676,7.60871,2.25,1.50
2013.05.06 06:37:11.914,7.60664,7.60871,3.00,1.50
2013.05.06 06:37:29.044,7.60658,7.60866,2.25,2.25
2013.05.06 06:37:31.854,7.60663,7.60872,3.00,1.50
2013.05.06 06:37:36.914,7.60688,7.60902,3.00,4.50
2013.05.06 06:37:44.914,7.60688,7.60894,1.50,2.25
2013.05.06 06:37:48.233,7.60689,7.60901,3.00,3.00
2013.05.06 06:37:49.348,7.6068,7.60892,1.50,1.50
2013.05.06 06:38:07.084,7.60687,7.60892,2.25,1.50
2013.05.06 06:38:15.344,7.60675,7.60878,1.50,2.25
2013.05.06 06:38:26.894,7.60657,7.60861,3.00,1.50
2013.05.06 06:38:38.014,7.60674,7.60882,2.25,2.25
2013.05.06 06:38:38.321,7.6069,7.60882,3.00,2.25
2013.05.06 06:38:44.828,7.60666,7.60878,1.50,1.50
2013.05.06 06:38:48.794,7.60679,7.60882,3.00,2.25
2013.05.06 06:38:49.095,7.60693,7.60905,2.25,2.25
2013.05.06 06:38:50.841,7.60684,7.60883,1.50,2.25
2013.05.06 06:39:11.254,7.60669,7.60881,1.50,1.50
2013.05.06 06:39:16.814,7.60688,7.60892,2.25,3.00
2013.05.06 06:39:16.873,7.60698,7.60892,2.25,1.50
2013.05.06 06:39:22.798,7.60699,7.60888,1.50,1.50
2013.05.06 06:39:23.116,7.60699,7.60873,1.50,1.50
2013.05.06 06:39:23.175,7.60661,7.60873,3.00,4.50
2013.05.06 06:39:29.066,7.60652,7.60861,2.25,1.50
2013.05.06 06:39:38.977,7.60688,7.60864,1.50,2.25
2013.05.06 06:39:39.164,7.60691,7.60879,1.50,2.25
2013.05.06 06:39:39.224,7.60696,7.60908,1.50,1.50
2013.05.06 06:39:40.957,7.60696,7.60884,1.50,1.50
2013.05.06 06:39:41.145,7.60656,7.60868,3.00,3.00
2013.05.06 06:39:44.465,7.60656,7.60844,3.00,1.50
2013.05.06 06:39:47.397,7.60664,7.60852,2.25,1.50
2013.05.06 06:39:47.716,7.60664,7.60863,2.25,1.50
2013.05.06 06:39:49.799,7.60688,7.60872,1.50,2.25
2013.05.06 06:39:50.105,7.60698,7.60899,2.25,1.50
2013.05.06 06:39:50.226,7.60709,7.60898,1.50,1.50
2013.05.06 06:39:50.285,7.60709,7.60882,1.50,1.50
2013.05.06 06:39:50.465,7.6068,7.60882,2.25,2.25
2013.05.06 06:39:51.135,7.60679,7.60881,1.50,2.25
2013.05.06 06:39:52.225,7.60697,7.60881,1.50,2.25
2013.05.06 06:39:52.285,7.60697,7.60892,2.25,3.00
2013.05.06 06:39:52.345,7.60702,7.60891,1.50,1.50
2013.05.06 06:39:52.595,7.60684,7.60883,3.00,2.25
2013.05.06 06:39:52.716,7.60675,7.6088,1.50,2.25
2013.05.06 06:39:53.424,7.60707,7.6088,1.50,2.25
2013.05.06 06:39:53.603,7.60707,7.60902,2.25,3.00
2013.05.06 06:39:53.724,7.60714,7.60923,2.25,1.13
2013.05.06 06:39:54.083,7.60707,7.60918,2.25,3.00
2013.05.06 06:39:54.916,7.6073,7.60918,2.25,3.00
2013.05.06 06:39:55.164,7.60747,7.60927,2.25,1.13
2013.05.06 06:39:55.344,7.60719,7.60923,1.50,1.13
2013.05.06 06:39:55.404,7.6071,7.60922,3.00,3.00
2013.05.06 06:39:55.705,7.60733,7.60922,2.25,1.13
2013.05.06 06:39:55.764,7.60706,7.60918,1.50,1.50
2013.05.06 06:39:57.415,7.6073,7.60918,1.50,1.50
2013.05.06 06:39:57.615,7.60747,7.60922,1.50,1.13
2013.05.06 06:39:57.674,7.60747,7.60932,2.25,1.13
2013.05.06 06:39:57.854,7.6073,7.60923,2.25,1.13
2013.05.06 06:39:57.985,7.6072,7.60922,3.00,1.13
2013.05.06 06:39:58.105,7.60714,7.60922,1.50,1.13
2013.05.06 06:39:58.165,7.60726,7.60922,3.00,1.13
2013.05.06 06:39:59.176,7.60726,7.60899,3.00,1.50
2013.05.06 06:39:59.368,7.60702,7.6089,2.25,1.50
2013.05.06 06:39:59.618,7.60702,7.60882,2.25,1.50
2013.05.06 06:39:59.687,7.60693,7.60882,1.50,2.25
2013.05.06 06:40:00.000,7.60698,7.60889,2.25,1.50
2013.05.06 06:40:00.417,7.60672,7.60883,3.00,2.25
2013.05.06 06:40:02.036,7.60693,7.60905,1.50,1.50
2013.05.06 06:40:05.493,7.60701,7.60913,2.25,2.25
2013.05.06 06:40:05.806,7.60715,7.60922,3.00,1.13
2013.05.06 06:40:26.317,7.60716,7.60923,2.25,1.13
2013.05.06 06:40:28.114,7.60747,7.60923,1.50,1.13
2013.05.06 06:40:28.416,7.60768,7.60945,2.25,1.13
2013.05.06 06:40:29.994,7.60768,7.60945,2.25,1.13
2013.05.06 06:40:33.944,7.60768,7.60935,2.25,1.13
2013.05.06 06:40:34.125,7.60733,7.60923,2.25,1.13
2013.05.06 06:40:34.185,7.60717,7.60922,3.00,1.13
2013.05.06 06:40:36.156,7.60717,7.60921,1.50,2.25
2013.05.06 06:40:39.875,7.60717,7.60923,3.00,1.13
2013.05.06 06:40:42.035,7.60727,7.60923,3.00,1.13
2013.05.06 06:40:42.425,7.60768,7.60923,1.50,1.13
2013.05.06 06:40:43.494,7.60768,7.60923,1.50,1.13
2013.05.06 06:40:44.074,7.60737,7.60923,2.25,1.13
2013.05.06 06:40:46.596,7.60737,7.60923,2.25,1.13
2013.05.06 06:40:47.636,7.60737,7.60923,2.25,1.13
2013.05.06 06:40:49.776,7.60737,7.60923,2.25,1.13
2013.05.06 06:40:50.468,7.60737,7.60923,2.25,1.13
2013.05.06 06:40:50.986,7.60737,7.60923,2.25,1.13
2013.05.06 06:40:52.420,7.60737,7.60923,2.25,1.13
2013.05.06 06:40:53.042,7.60737,7.60923,2.25,1.13
2013.05.06 06:40:54.735,7.60737,7.60923,2.25,1.13
2013.05.06 06:40:55.796,7.60737,7.60923,2.25,1.13
2013.05.06 06:40:57.806,7.60737,7.60923,2.25,1.13
2013.05.06 06:40:58.874,7.60737,7.60923,2.25,1.13
2013.05.06 06:40:59.722,7.60737,7.60923,2.25,1.13
2013.05.06 06:40:59.885,7.60759,7.60923,1.50,1.13
2013.05.06 06:41:00.224,7.60767,7.60923,1.50,1.13
2013.05.06 06:41:00.827,7.60767,7.60923,1.50,1.13
2013.05.06 06:41:01.377,7.60767,7.60923,1.50,1.13
2013.05.06 06:41:04.826,7.60767,7.60925,1.50,1.13
2013.05.06 06:41:07.975,7.60767,7.60925,1.50,1.13
2013.05.06 06:41:08.563,7.60767,7.60925,1.50,1.13
2013.05.06 06:41:09.435,7.60767,7.60925,1.50,1.13
2013.05.06 06:41:18.490,7.60767,7.60925,1.50,1.13
2013.05.06 06:41:19.965,7.60767,7.60925,1.50,1.13
2013.05.06 06:41:21.605,7.60767,7.60936,2.25,1.13
2013.05.06 06:41:22.255,7.60767,7.60936,2.25,1.13
2013.05.06 06:41:22.866,7.60767,7.60936,2.25,1.13
2013.05.06 06:41:29.284,7.60767,7.60936,2.25,1.13
2013.05.06 06:41:31.206,7.60768,7.60936,1.50,1.13
2013.05.06 06:41:36.546,7.60768,7.60936,1.50,1.13
2013.05.06 06:41:37.295,7.60748,7.60936,1.50,1.13
2013.05.06 06:41:38.045,7.60748,7.60936,1.50,1.13
2013.05.06 06:41:39.797,7.60747,7.60936,3.00,1.13
2013.05.06 06:41:40.277,7.60747,7.60929,3.00,1.13
2013.05.06 06:41:41.228,7.60747,7.60929,2.25,1.13
2013.05.06 06:41:42.684,7.60763,7.60929,1.50,1.13
2013.05.06 06:41:42.815,7.60768,7.60929,1.50,1.13
2013.05.06 06:41:44.546,7.60748,7.60929,2.25,1.13
2013.05.06 06:41:45.355,7.60748,7.60929,2.25,1.13
2013.05.06 06:41:46.049,7.60748,7.60929,2.25,1.13
2013.05.06 06:41:56.122,7.60748,7.60929,2.25,1.13
2013.05.06 06:41:56.755,7.60748,7.60929,2.25,1.13
2013.05.06 06:41:57.790,7.60748,7.60929,2.25,1.13
2013.05.06 06:42:03.878,7.60748,7.60929,2.25,1.03
2013.05.06 06:42:04.005,7.60748,7.60909,2.25,1.03
2013.05.06 06:42:04.065,7.60748,7.60909,1.50,1.03
2013.05.06 06:42:04.895,7.60748,7.60933,1.50,2.25
2013.05.06 06:42:05.006,7.60748,7.60909,1.50,1.03
2013.05.06 06:42:06.125,7.60749,7.60909,1.50,1.03
2013.05.06 06:42:06.430,7.60767,7.60924,1.50,1.03
2013.05.06 06:42:07.256,7.60767,7.60924,1.50,1.03
2013.05.06 06:42:07.936,7.60767,7.60924,1.50,1.03
2013.05.06 06:42:11.166,7.60767,7.60924,1.50,1.03
2013.05.06 06:42:11.746,7.60767,7.60924,1.50,1.03
2013.05.06 06:42:12.477,7.60767,7.60948,1.50,3.00
2013.05.06 06:42:12.534,7.60767,7.60948,2.25,1.50
2013.05.06 06:42:14.685,7.60739,7.60951,2.25,2.25
2013.05.06 06:42:20.706,7.60732,7.60939,1.50,1.50
2013.05.06 06:42:33.833,7.60733,7.60916,1.50,1.20
2013.05.06 06:42:34.405,7.6075,7.60916,2.25,1.20
2013.05.06 06:42:34.766,7.60768,7.60916,1.50,1.20
2013.05.06 06:42:35.795,7.60768,7.60924,1.50,1.20
2013.05.06 06:42:36.341,7.60768,7.60924,1.50,1.20
2013.05.06 06:42:36.525,7.60738,7.60924,3.00,1.20
2013.05.06 06:42:36.585,7.60738,7.60914,3.00,1.20
2013.05.06 06:42:36.775,7.60744,7.60934,3.00,1.20
2013.05.06 06:42:36.840,7.60738,7.60913,3.00,1.20
2013.05.06 06:42:40.755,7.60738,7.60944,2.25,3.00
2013.05.06 06:42:41.056,7.60763,7.60975,2.25,2.25
2013.05.06 06:42:42.115,7.60771,7.60982,3.00,2.25
2013.05.06 06:42:42.499,7.60771,7.60975,1.50,2.25
2013.05.06 06:42:42.819,7.60753,7.60967,3.00,3.00
2013.05.06 06:42:44.905,7.60767,7.60974,2.25,2.25
2013.05.06 06:42:52.726,7.60761,7.60966,1.50,2.25
2013.05.06 06:42:53.096,7.60764,7.60976,2.25,2.25
2013.05.06 06:42:53.227,7.60748,7.60962,3.00,3.00
2013.05.06 06:43:01.445,7.60764,7.60976,2.25,2.25
2013.05.06 06:43:17.586,7.60756,7.60968,1.50,1.50
2013.05.06 06:43:17.956,7.6078,7.60992,2.25,2.25
2013.05.06 06:43:18.304,7.60788,7.61,3.00,3.00
2013.05.06 06:43:18.935,7.60796,7.61008,2.25,2.25
2013.05.06 06:43:23.588,7.60795,7.60993,1.50,2.25
2013.05.06 06:43:29.524,7.60793,7.60992,2.25,1.50
2013.05.06 06:43:31.627,7.60783,7.60997,3.00,3.00
2013.05.06 06:43:50.485,7.60783,7.60987,1.50,2.25
2013.05.06 06:43:53.286,7.60782,7.60988,2.25,1.50
2013.05.06 06:43:54.376,7.60911,7.60995,1.50,1.50
2013.05.06 06:43:54.558,7.60927,7.61055,2.25,1.50
2013.05.06 06:43:54.626,7.60941,7.61153,1.50,1.50
2013.05.06 06:43:54.754,7.60949,7.61161,2.25,2.25
2013.05.06 06:43:55.338,7.61017,7.61219,2.25,2.25
2013.05.06 06:43:55.644,7.61049,7.6125,3.00,1.50
2013.05.06 06:43:56.175,7.61038,7.6125,2.25,2.25
2013.05.06 06:43:56.484,7.61028,7.61193,3.00,1.50
2013.05.06 06:43:56.664,7.61015,7.61193,2.25,1.50
2013.05.06 06:43:56.844,7.61007,7.61193,3.00,1.50
2013.05.06 06:43:57.635,7.6099,7.61193,1.50,2.25
2013.05.06 06:44:14.877,7.61038,7.61244,2.25,1.50
2013.05.06 06:44:15.195,7.61052,7.61266,3.00,3.00
2013.05.06 06:44:15.539,7.61076,7.61266,1.50,2.25
2013.05.06 06:44:15.617,7.6108,7.61282,3.00,2.25
2013.05.06 06:44:25.295,7.61089,7.61282,2.25,2.25
2013.05.06 06:44:45.267,7.6109,7.61282,2.25,2.25
2013.05.06 06:44:47.389,7.6109,7.61282,1.50,2.25
2013.05.06 06:44:47.473,7.61081,7.61282,1.50,2.25
2013.05.06 06:44:47.608,7.61089,7.61282,3.00,2.25
2013.05.06 06:44:57.065,7.61096,7.61282,2.25,1.50
2013.05.06 06:44:57.364,7.61127,7.61311,2.25,1.50
2013.05.06 06:44:57.904,7.61127,7.61334,2.25,1.50
2013.05.06 06:44:58.447,7.61132,7.61344,3.00,3.00
2013.05.06 06:45:14.815,7.61132,7.6132,2.25,1.50
2013.05.06 06:45:14.875,7.61127,7.61309,1.50,3.00
2013.05.06 06:45:14.995,7.61128,7.6134,1.50,1.50
2013.05.06 06:45:16.424,7.61135,7.61349,3.00,3.00
2013.05.06 06:45:29.437,7.61143,7.61349,2.25,1.50
2013.05.06 06:45:50.334,7.61144,7.61358,3.00,3.00
2013.05.06 06:45:55.006,7.61144,7.61348,1.50,2.25
2013.05.06 06:46:06.497,7.61135,7.61336,1.50,2.25
2013.05.06 06:46:26.854,7.61118,7.61308,1.50,2.25
2013.05.06 06:46:26.914,7.61116,7.61308,2.25,1.50
2013.05.06 06:46:47.167,7.61121,7.6133,2.25,1.50
2013.05.06 06:46:47.564,7.61133,7.61347,3.00,3.00
2013.05.06 06:46:47.875,7.61144,7.61356,2.25,2.25
2013.05.06 06:47:07.855,7.61154,7.61366,3.00,3.00
2013.05.06 06:47:09.575,7.61146,7.61358,2.25,2.25
2013.05.06 06:47:10.005,7.61145,7.61349,1.50,2.25
2013.05.06 06:47:10.864,7.61135,7.6134,1.50,2.25
2013.05.06 06:47:27.864,7.61135,7.61349,3.00,3.00
2013.05.06 06:47:31.164,7.61135,7.61347,1.50,1.50
2013.05.06 06:47:31.224,7.61146,7.61358,3.00,3.00
2013.05.06 06:47:37.865,7.61134,7.61346,3.00,3.00
2013.05.06 06:47:38.364,7.61121,7.61333,3.00,3.00
2013.05.06 06:47:39.085,7.61113,7.61325,3.00,3.00
2013.05.06 06:47:53.005,7.61105,7.61317,1.50,1.50
2013.05.06 06:47:55.276,7.61168,7.61317,1.50,1.50
2013.05.06 06:47:55.395,7.61168,7.61362,2.25,1.50
2013.05.06 06:47:55.575,7.61177,7.61362,1.50,1.50
2013.05.06 06:47:55.936,7.61208,7.61362,1.50,1.50
2013.05.06 06:47:56.256,7.61208,7.61382,2.25,1.50
2013.05.06 06:47:56.455,7.61208,7.61382,2.25,1.50
2013.05.06 06:47:56.575,7.61208,7.61382,1.50,1.50
2013.05.06 06:47:56.635,7.61178,7.61383,2.25,1.50
2013.05.06 06:47:58.036,7.61178,7.6138,2.25,3.00
2013.05.06 06:48:01.583,7.61178,7.61356,2.25,1.50
2013.05.06 06:48:01.764,7.61178,7.61349,1.50,1.50
2013.05.06 06:48:01.824,7.61178,7.6135,2.25,1.50
2013.05.06 06:48:02.355,7.61178,7.61353,2.25,1.50
2013.05.06 06:48:02.584,7.61178,7.6135,2.25,1.50
2013.05.06 06:48:02.644,7.61178,7.61334,1.50,1.50
2013.05.06 06:48:03.185,7.61178,7.61334,1.50,1.50
2013.05.06 06:48:04.046,7.61178,7.61334,1.50,1.50
2013.05.06 06:48:06.362,7.61178,7.61334,1.50,1.50
2013.05.06 06:48:14.268,7.61178,7.61334,1.50,1.50
2013.05.06 06:48:16.424,7.61178,7.61334,1.50,1.50
2013.05.06 06:48:18.906,7.61178,7.61334,1.50,1.50
2013.05.06 06:48:19.896,7.61178,7.61334,1.50,1.50
2013.05.06 06:48:20.766,7.61178,7.61343,1.50,1.50
2013.05.06 06:48:20.885,7.61178,7.61345,2.25,1.50
2013.05.06 06:48:22.956,7.61178,7.61345,2.25,1.50
2013.05.06 06:48:23.887,7.61178,7.61345,2.25,1.50
2013.05.06 06:48:29.485,7.61178,7.61345,2.25,1.50
2013.05.06 06:48:30.895,7.61178,7.61357,2.25,1.50
2013.05.06 06:48:30.955,7.61178,7.61363,2.25,1.50
2013.05.06 06:48:33.005,7.61178,7.61362,2.25,1.50
2013.05.06 06:48:34.374,7.61151,7.61341,1.50,2.25
2013.05.06 06:48:34.436,7.61128,7.6134,1.50,1.50
2013.05.06 06:48:34.497,7.61128,7.61328,1.50,2.25
2013.05.06 06:48:35.615,7.61115,7.61309,1.50,2.25
2013.05.06 06:48:36.995,7.61107,7.61296,2.25,1.50
2013.05.06 06:48:37.415,7.61127,7.61303,2.25,1.50
2013.05.06 06:48:37.476,7.61127,7.61323,2.25,1.50
2013.05.06 06:48:37.595,7.61133,7.61323,2.25,1.50
2013.05.06 06:48:38.125,7.61134,7.61342,1.50,1.50
2013.05.06 06:48:38.915,7.61134,7.61343,1.50,1.50
2013.05.06 06:48:39.036,7.61157,7.61343,1.50,1.50
2013.05.06 06:48:39.396,7.61177,7.61342,2.25,1.13
2013.05.06 06:48:39.478,7.61166,7.61342,2.25,1.13
2013.05.06 06:48:40.307,7.61166,7.61343,2.25,1.13
2013.05.06 06:48:41.005,7.6118,7.61343,2.25,1.13
2013.05.06 06:48:41.066,7.6118,7.61343,1.50,1.13
2013.05.06 06:48:41.931,7.61159,7.61342,3.00,1.13
2013.05.06 06:48:42.537,7.61159,7.61343,3.00,1.13
2013.05.06 06:48:43.126,7.61159,7.61342,3.00,1.13
2013.05.06 06:48:43.769,7.61159,7.61343,3.00,1.13
2013.05.06 06:48:46.331,7.61159,7.61342,3.00,1.13
2013.05.06 06:48:48.218,7.61248,7.61342,1.50,1.13
2013.05.06 06:48:48.406,7.61248,7.61412,2.25,1.18
2013.05.06 06:48:48.466,7.61248,7.61414,2.25,1.50
2013.05.06 06:48:48.525,7.61248,7.61413,1.50,1.50
2013.05.06 06:48:48.655,7.61252,7.61449,1.50,1.50
2013.05.06 06:48:48.716,7.61253,7.6146,2.25,1.50
2013.05.06 06:48:49.579,7.61253,7.61472,2.25,1.21
2013.05.06 06:48:49.906,7.61253,7.6146,2.25,1.50
2013.05.06 06:48:52.235,7.61253,7.6146,2.25,1.50
2013.05.06 06:48:54.446,7.61253,7.61472,2.25,1.96
2013.05.06 06:48:56.435,7.61253,7.6146,2.25,1.47
2013.05.06 06:48:57.371,7.61253,7.61484,2.25,2.25
2013.05.06 06:48:58.179,7.61253,7.6146,2.25,1.47
2013.05.06 06:48:59.020,7.61253,7.6146,2.25,1.47
2013.05.06 06:49:00.559,7.61267,7.61476,3.00,1.47
2013.05.06 06:49:00.626,7.61267,7.61482,3.00,1.47
2013.05.06 06:49:09.043,7.61267,7.61458,3.00,1.50
2013.05.06 06:49:09.225,7.61205,7.61403,2.25,1.50
2013.05.06 06:49:09.285,7.61188,7.61403,2.25,2.25
2013.05.06 06:49:10.274,7.61177,7.61391,3.00,3.00
2013.05.06 06:49:18.065,7.61218,7.61391,1.50,2.25
2013.05.06 06:49:18.124,7.61218,7.6142,2.25,1.50
2013.05.06 06:49:19.115,7.61227,7.61429,1.50,2.25
2013.05.06 06:49:19.175,7.61227,7.61439,1.50,1.50
2013.05.06 06:49:19.595,7.61234,7.61439,2.25,1.50
2013.05.06 06:49:28.465,7.61235,7.61412,1.50,3.45
2013.05.06 06:49:28.525,7.61218,7.61402,2.25,1.50
2013.05.06 06:49:28.586,7.61218,7.61373,1.50,2.25
2013.05.06 06:49:28.765,7.61146,7.61358,1.50,1.50
2013.05.06 06:49:28.826,7.61127,7.61322,1.50,2.25
2013.05.06 06:49:29.185,7.61127,7.61315,1.50,2.25
2013.05.06 06:49:29.848,7.61127,7.61315,1.50,2.25
2013.05.06 06:49:39.446,7.61111,7.61316,2.25,1.50
2013.05.06 06:49:43.715,7.61094,7.61306,2.25,2.25
2013.05.06 06:50:03.087,7.61101,7.61315,3.00,3.00
2013.05.06 06:50:03.606,7.61122,7.61334,1.50,1.50
2013.05.06 06:50:04.936,7.6113,7.61342,1.50,1.50
2013.05.06 06:50:20.185,7.61118,7.6132,1.50,3.00
2013.05.06 06:50:20.502,7.61187,7.61399,3.00,1.50
2013.05.06 06:50:40.784,7.61187,7.61395,2.25,1.50
2013.05.06 06:51:01.346,7.61187,7.61395,2.25,1.50
2013.05.06 06:51:20.235,7.61194,7.61406,1.50,1.50
2013.05.06 06:51:20.628,7.61186,7.61398,2.25,2.25
2013.05.06 06:51:23.484,7.61194,7.61399,2.25,1.50
2013.05.06 06:51:23.604,7.61193,7.61399,1.50,2.25
2013.05.06 06:51:44.224,7.61183,7.61395,1.50,1.50
2013.05.06 06:52:04.755,7.61188,7.61392,3.00,2.25
2013.05.06 06:52:21.215,7.61201,7.61413,3.00,3.00
2013.05.06 06:52:21.395,7.61209,7.61421,1.50,1.50
2013.05.06 06:52:41.695,7.61217,7.61421,2.25,1.50
2013.05.06 06:52:46.614,7.61202,7.61405,2.25,1.50
2013.05.06 06:52:46.676,7.61193,7.61405,1.50,1.50
2013.05.06 06:53:00.816,7.61185,7.61397,1.50,1.50
2013.05.06 06:53:01.327,7.61195,7.61409,3.00,3.00
2013.05.06 06:53:02.065,7.61195,7.61399,1.50,2.25
2013.05.06 06:53:03.134,7.61195,7.61407,2.25,2.25
2013.05.06 06:53:03.776,7.61193,7.61405,2.25,2.25
2013.05.06 06:53:23.346,7.61191,7.61403,2.25,2.25
2013.05.06 06:53:31.340,7.6119,7.61396,1.50,2.25
2013.05.06 06:53:43.361,7.61182,7.61388,1.50,2.25
2013.05.06 06:53:44.297,7.61183,7.61387,2.25,1.50
2013.05.06 06:53:47.736,7.61175,7.61387,3.00,3.00
2013.05.06 06:53:48.885,7.61182,7.61396,3.00,3.00
2013.05.06 06:53:52.275,7.61174,7.61386,1.50,1.50
2013.05.06 06:53:53.180,7.61177,7.61389,2.25,2.25
2013.05.06 06:54:16.935,7.61169,7.61381,1.50,1.50
2013.05.06 06:54:20.175,7.61179,7.61391,2.25,2.25
2013.05.06 06:54:20.797,7.61179,7.61322,2.25,1.50
2013.05.06 06:54:20.856,7.61167,7.61322,2.25,1.50
2013.05.06 06:54:20.915,7.61116,7.61322,2.25,2.25
2013.05.06 06:54:21.035,7.61098,7.61312,3.00,3.00
2013.05.06 06:54:22.645,7.61098,7.61304,1.50,2.25
2013.05.06 06:54:42.835,7.61093,7.61305,2.25,2.25
2013.05.06 06:55:11.064,7.61092,7.61298,1.50,2.25
2013.05.06 06:55:11.686,7.61078,7.61289,2.25,2.25
2013.05.06 06:55:26.344,7.61085,7.61297,1.50,1.50
2013.05.06 06:55:46.475,7.61085,7.61295,1.50,2.25
2013.05.06 06:55:54.535,7.61137,7.61295,1.50,3.00
2013.05.06 06:55:54.655,7.61137,7.61328,2.25,3.00
2013.05.06 06:55:54.896,7.61137,7.61339,2.25,3.00
2013.05.06 06:56:02.687,7.61137,7.61339,2.25,1.50
2013.05.06 06:56:03.094,7.61137,7.61341,2.25,3.00
2013.05.06 06:56:16.006,7.61145,7.61341,2.25,1.50
2013.05.06 06:56:16.126,7.61153,7.61365,1.50,1.50
2013.05.06 06:56:16.322,7.61197,7.61373,2.25,1.13
2013.05.06 06:56:16.389,7.61197,7.61377,2.25,1.13
2013.05.06 06:56:16.462,7.61212,7.614,2.25,1.88
2013.05.06 06:56:16.796,7.61247,7.61435,3.00,1.13
2013.05.06 06:56:16.915,7.61292,7.61493,1.50,1.50
2013.05.06 06:56:17.096,7.61288,7.61451,1.50,1.13
2013.05.06 06:56:17.334,7.61316,7.61518,3.00,1.50
2013.05.06 06:56:17.635,7.61338,7.61442,1.50,2.00
2013.05.06 06:56:17.760,7.61338,7.61472,1.50,1.32
2013.05.06 06:56:17.826,7.61346,7.61472,3.00,1.32
2013.05.06 06:56:17.886,7.61318,7.61472,2.25,1.32
2013.05.06 06:56:17.946,7.61318,7.61482,2.25,2.30
2013.05.06 06:56:18.006,7.61344,7.61482,3.00,1.14
2013.05.06 06:56:18.125,7.61327,7.61482,2.25,1.14
2013.05.06 06:56:18.307,7.61407,7.61492,1.50,2.16
2013.05.06 06:56:18.436,7.61407,7.61589,1.50,2.25
2013.05.06 06:56:18.496,7.61438,7.61594,1.50,1.50
2013.05.06 06:56:18.625,7.61438,7.61594,1.50,1.50
2013.05.06 06:56:18.686,7.61438,7.61624,2.25,1.50
2013.05.06 06:56:18.745,7.61438,7.61624,2.25,1.50
2013.05.06 06:56:18.806,7.61438,7.61616,1.50,3.00
2013.05.06 06:56:18.924,7.6145,7.61662,3.00,3.00
2013.05.06 06:56:19.105,7.61438,7.61652,4.50,3.00
2013.05.06 06:56:19.286,7.61469,7.6166,1.50,2.25
2013.05.06 06:56:19.645,7.61479,7.61691,3.00,3.00
2013.05.06 06:56:20.438,7.61489,7.61701,2.25,2.25
2013.05.06 06:56:21.181,7.6149,7.61702,3.00,3.00
2013.05.06 06:56:21.516,7.61496,7.61643,2.25,1.50
2013.05.06 06:56:21.577,7.61471,7.61643,1.50,1.50
2013.05.06 06:56:21.645,7.61438,7.61643,3.00,2.25
2013.05.06 06:56:21.765,7.61438,7.61641,1.50,2.25
2013.05.06 06:56:21.826,7.61437,7.6164,2.25,1.50
2013.05.06 06:56:22.815,7.61437,7.61625,2.25,1.50
2013.05.06 06:56:22.875,7.61402,7.61614,3.00,3.00
2013.05.06 06:56:24.805,7.61402,7.61602,1.50,2.25
2013.05.06 06:56:25.462,7.61386,7.61591,2.25,1.50
2013.05.06 06:56:25.529,7.61377,7.61591,3.00,3.00
2013.05.06 06:56:32.583,7.61431,7.61612,2.25,1.50
2013.05.06 06:56:32.648,7.61431,7.61619,2.25,1.50
2013.05.06 06:56:32.720,7.61445,7.61633,2.25,1.50
2013.05.06 06:56:32.786,7.61455,7.61658,2.25,1.50
2013.05.06 06:56:33.525,7.61464,7.61669,2.25,1.50
2013.05.06 06:56:34.656,7.61464,7.61652,3.00,1.50
2013.05.06 06:56:34.856,7.61448,7.61623,1.50,2.25
2013.05.06 06:56:34.915,7.61424,7.61623,2.25,2.25
2013.05.06 06:56:35.096,7.61402,7.61616,3.00,3.00
2013.05.06 06:56:36.056,7.61402,7.61572,3.00,1.50
2013.05.06 06:56:36.117,7.61394,7.61572,1.50,2.25
2013.05.06 06:56:36.175,7.6137,7.61572,3.00,2.25
2013.05.06 06:56:36.546,7.6137,7.61572,1.50,2.25
2013.05.06 06:56:37.186,7.61353,7.61565,3.00,3.00
2013.05.06 06:56:38.164,7.61342,7.61554,3.00,3.00
2013.05.06 06:56:50.045,7.61378,7.61554,2.25,2.25
2013.05.06 06:56:50.105,7.61426,7.61614,1.50,2.25
2013.05.06 06:56:50.166,7.61427,7.61633,1.50,1.50
2013.05.06 06:56:50.286,7.61436,7.61648,1.50,1.50
2013.05.06 06:56:50.645,7.61447,7.61659,3.00,3.00
2013.05.06 06:56:51.079,7.61457,7.61659,2.25,1.50
2013.05.06 06:56:52.555,7.61457,7.61603,3.00,1.50
2013.05.06 06:56:52.674,7.61403,7.61595,1.50,2.25
2013.05.06 06:56:52.917,7.61372,7.6156,1.50,2.25
2013.05.06 06:56:52.976,7.61357,7.61553,2.25,2.25
2013.05.06 06:56:53.892,7.61357,7.61543,1.50,3.00
2013.05.06 06:56:54.618,7.61357,7.61561,2.25,2.25
2013.05.06 06:57:03.736,7.61357,7.61494,2.25,1.50
2013.05.06 06:57:03.855,7.61257,7.61423,3.00,1.50
2013.05.06 06:57:03.917,7.61318,7.61415,1.50,2.25
2013.05.06 06:57:04.037,7.61318,7.61416,1.50,1.50
2013.05.06 06:57:04.166,7.61318,7.61452,1.50,2.25
2013.05.06 06:57:04.227,7.61318,7.61494,1.50,1.50
2013.05.06 06:57:04.405,7.61318,7.61504,2.25,1.50
2013.05.06 06:57:05.435,7.61318,7.61512,2.25,1.50
2013.05.06 06:57:11.104,7.6131,7.61511,1.50,2.25
2013.05.06 06:57:11.405,7.61288,7.615,3.00,3.00
2013.05.06 06:57:15.295,7.61288,7.61491,1.50,2.25
2013.05.06 06:57:23.925,7.61293,7.61507,3.00,3.00
2013.05.06 06:57:44.485,7.61293,7.61505,2.25,2.25
2013.05.06 06:57:53.025,7.61278,7.6149,3.00,3.00
2013.05.06 06:57:53.205,7.61242,7.61446,2.25,1.50
2013.05.06 06:57:53.265,7.61234,7.61446,1.50,1.50
2013.05.06 06:57:53.755,7.61225,7.61439,3.00,3.00
2013.05.06 06:58:00.878,7.61225,7.61429,1.50,2.25
2013.05.06 06:58:06.915,7.61225,7.61437,1.50,1.50
2013.05.06 06:58:26.988,7.61228,7.61437,2.25,1.50
2013.05.06 06:58:43.357,7.61228,7.61434,1.50,2.25
2013.05.06 06:59:03.755,7.61213,7.61425,3.00,3.00
2013.05.06 06:59:04.137,7.61205,7.61417,1.50,1.50
2013.05.06 06:59:24.277,7.61206,7.6142,3.00,3.00
2013.05.06 06:59:39.816,7.61224,7.61427,1.50,2.25
2013.05.06 06:59:39.885,7.61224,7.61438,3.00,3.00
2013.05.06 06:59:40.506,7.61233,7.61445,3.00,3.00
2013.05.06 06:59:45.522,7.61241,7.61445,2.25,1.50
2013.05.06 06:59:52.846,7.61233,7.61445,3.00,3.00
2013.05.06 06:59:53.385,7.61242,7.61454,3.00,3.00
