2013.05.21 21:00:01.722,7.47287,7.47568,0.38,0.38
2013.05.21 21:03:00.955,7.47277,7.47567,0.75,0.38
2013.05.21 21:03:01.153,7.47276,7.47499,0.75,0.38
2013.05.21 21:03:01.268,7.47276,7.47568,0.75,0.38
2013.05.21 21:08:01.899,7.46998,7.47854,1.50,1.50
2013.05.21 21:08:11.896,7.46998,7.47752,0.75,0.75
2013.05.21 21:08:56.638,7.46997,7.47753,0.75,0.75
2013.05.21 21:08:57.491,7.46998,7.47752,0.75,0.75
2013.05.21 21:09:01.029,7.47267,7.47659,1.54,1.19
2013.05.21 21:14:10.829,7.46968,7.47896,1.50,1.13
2013.05.21 21:14:11.701,7.47018,7.47887,1.50,1.65
2013.05.21 21:14:24.241,7.47018,7.47887,1.50,1.65
2013.05.21 21:14:36.920,7.47018,7.47887,1.50,1.65
2013.05.21 21:14:52.970,7.47018,7.47887,1.50,1.65
2013.05.21 21:14:56.164,7.47018,7.47887,1.50,1.65
2013.05.21 21:15:00.985,7.47018,7.47887,1.50,1.65
2013.05.21 21:15:01.391,7.47267,7.47644,2.28,1.27
2013.05.21 21:20:16.429,7.46754,7.47896,1.13,1.13
2013.05.21 21:20:32.451,7.46754,7.47896,1.13,1.13
2013.05.21 21:20:50.482,7.46754,7.47896,1.13,1.13
2013.05.21 21:21:18.313,7.46755,7.47895,1.13,1.13
2013.05.21 21:21:22.053,7.46755,7.47895,1.13,1.13
2013.05.21 21:21:23.030,7.46755,7.47895,1.13,1.13
2013.05.21 21:21:43.149,7.46754,7.47896,1.13,1.13
2013.05.21 21:22:03.071,7.46754,7.47896,1.13,1.13
2013.05.21 21:22:04.966,7.46754,7.47896,1.13,1.13
2013.05.21 21:22:11.648,7.47048,7.47784,2.25,1.50
2013.05.21 21:22:19.121,7.47095,7.47784,1.50,1.50
2013.05.21 21:22:37.069,7.47095,7.47784,1.50,1.50
2013.05.21 21:22:37.619,7.47095,7.47784,1.50,1.50
2013.05.21 21:22:39.084,7.47095,7.47784,1.50,1.50
2013.05.21 21:22:41.841,7.4712,7.47732,1.50,1.50
2013.05.21 21:22:43.783,7.47185,7.47719,1.50,1.50
2013.05.21 21:23:22.940,7.47187,7.47719,1.50,1.50
2013.05.21 21:24:01.253,7.47267,7.47581,1.37,1.39
2013.05.21 21:24:33.062,7.47277,7.47581,1.50,1.39
2013.05.21 21:24:34.053,7.47277,7.47581,1.50,1.39
2013.05.21 21:24:35.152,7.47277,7.47581,1.50,1.39
2013.05.21 21:24:41.681,7.47277,7.47581,1.50,1.39
2013.05.21 21:24:43.263,7.47277,7.47581,1.50,1.39
2013.05.21 21:24:44.062,7.47277,7.47581,1.50,1.39
2013.05.21 21:24:45.052,7.47277,7.47581,1.50,1.39
2013.05.21 21:25:31.132,7.47267,7.47581,1.37,1.39
2013.05.21 21:29:12.868,7.47058,7.47736,2.25,2.25
2013.05.21 21:29:14.116,7.4713,7.47664,1.50,1.50
2013.05.21 21:30:14.753,7.47008,7.47962,1.88,1.88
2013.05.21 21:30:31.944,7.46842,7.48083,1.50,1.50
2013.05.21 21:30:37.010,7.46842,7.48082,1.50,1.50
2013.05.21 21:30:37.833,7.46842,7.48083,1.50,1.50
2013.05.21 21:30:40.109,7.46842,7.48082,1.50,1.50
2013.05.21 21:30:42.757,7.46842,7.48083,1.50,1.50
2013.05.21 21:31:00.733,7.46842,7.48082,1.50,1.50
2013.05.21 21:31:01.923,7.47189,7.47824,2.63,2.93
2013.05.21 21:31:37.801,7.47189,7.4774,2.63,2.25
2013.05.21 21:31:39.015,7.47189,7.47668,2.78,1.50
2013.05.21 21:32:39.868,7.47189,7.47825,2.78,2.85
2013.05.21 21:35:31.563,7.47034,7.47952,1.58,2.63
2013.05.21 21:35:52.588,7.47034,7.47952,1.58,1.88
2013.05.21 21:36:24.592,7.47008,7.47952,1.88,1.88
2013.05.21 21:38:59.152,7.47008,7.47952,2.63,1.88
2013.05.21 21:39:00.172,7.47008,7.47952,1.88,1.88
2013.05.21 21:39:01.862,7.47266,7.47671,1.92,1.35
2013.05.21 21:44:02.605,7.4719,7.47902,2.10,2.55
2013.05.21 21:44:31.993,7.4719,7.47899,2.70,1.65
2013.05.21 21:44:33.864,7.472,7.47772,1.50,2.25
2013.05.21 21:44:54.856,7.47199,7.47723,1.50,1.50
2013.05.21 21:45:14.840,7.472,7.4773,1.50,1.50
2013.05.21 21:45:50.073,7.47223,7.47733,1.50,1.50
2013.05.21 21:45:51.062,7.47223,7.47733,1.50,1.50
2013.05.21 21:45:52.157,7.47223,7.47733,1.50,1.50
2013.05.21 21:45:53.154,7.47223,7.47733,1.50,1.50
2013.05.21 21:45:56.922,7.47242,7.47751,1.50,1.50
2013.05.21 21:46:17.723,7.47241,7.47749,1.50,1.50
2013.05.21 21:46:49.203,7.47217,7.47749,1.50,1.50
2013.05.21 21:46:49.324,7.47199,7.47725,1.50,1.50
2013.05.21 21:46:49.383,7.47199,7.4772,1.50,1.50
2013.05.21 21:47:09.773,7.47199,7.4772,1.50,1.50
2013.05.21 21:48:10.001,7.4719,7.479,2.10,2.25
2013.05.21 21:48:10.847,7.472,7.47769,1.50,2.25
2013.05.21 21:48:12.083,7.47211,7.4775,1.50,1.50
2013.05.21 21:48:12.143,7.47216,7.4775,1.50,1.50
2013.05.21 21:48:14.064,7.47241,7.4775,1.50,1.50
2013.05.21 21:48:15.164,7.47241,7.4775,1.50,1.50
2013.05.21 21:48:16.149,7.47241,7.4775,1.50,1.50
2013.05.21 21:48:53.913,7.47242,7.47751,1.50,1.50
2013.05.21 21:49:12.183,7.47217,7.47751,1.50,1.50
2013.05.21 21:49:12.304,7.47198,7.47724,2.63,1.50
2013.05.21 21:49:22.963,7.47197,7.47726,2.63,1.50
2013.05.21 21:49:23.023,7.47218,7.4775,1.50,1.50
2013.05.21 21:49:25.114,7.47242,7.4775,1.50,1.50
2013.05.21 21:49:26.104,7.47242,7.4775,1.50,1.50
2013.05.21 21:49:27.094,7.47242,7.4775,1.50,1.50
2013.05.21 21:50:23.122,7.47198,7.48023,1.50,1.50
2013.05.21 21:50:23.183,7.47188,7.47943,2.78,2.63
2013.05.21 21:50:23.243,7.47007,7.47943,2.63,2.63
2013.05.21 21:50:23.434,7.4719,7.47722,1.50,1.50
2013.05.21 21:50:34.045,7.47213,7.4775,1.50,1.50
2013.05.21 21:50:34.104,7.47218,7.4775,1.50,1.50
2013.05.21 21:50:36.124,7.47241,7.4775,1.50,1.50
2013.05.21 21:50:37.104,7.47241,7.4775,1.50,1.50
2013.05.21 21:50:38.104,7.47241,7.4775,1.50,1.50
2013.05.21 21:51:01.254,7.47277,7.47708,1.50,1.52
2013.05.21 21:51:34.144,7.47267,7.47708,2.68,1.52
2013.05.21 21:54:01.345,7.47266,7.47695,2.70,1.39
2013.05.21 21:59:01.747,7.472,7.47915,0.75,0.75
2013.05.21 21:59:13.835,7.472,7.4773,0.75,0.75
2013.05.21 21:59:14.138,7.47217,7.47705,0.75,0.75
