2016.01.12 20:00:00.197,9.64774,9.65167,1.12,1.12
2016.01.12 20:00:00.503,9.64774,9.65142,1.12,1.12
2016.01.12 20:00:00.857,9.64777,9.65187,1.12,1.12
2016.01.12 20:00:00.908,9.64797,9.65187,1.12,1.12
2016.01.12 20:00:01.816,9.64787,9.65167,1.12,1.12
2016.01.12 20:00:02.121,9.64785,9.65143,1.12,1.12
2016.01.12 20:00:02.223,9.6478,9.65196,1.12,1.12
2016.01.12 20:00:09.062,9.64757,9.65178,1.12,1.12
2016.01.12 20:00:20.405,9.64757,9.65159,1.12,1.12
2016.01.12 20:00:20.709,9.6477,9.65196,1.12,1.12
2016.01.12 20:00:27.891,9.6477,9.65176,1.12,1.12
2016.01.12 20:00:28.178,9.64771,9.65178,1.12,1.12
2016.01.12 20:00:29.119,9.64771,9.65159,1.12,1.12
2016.01.12 20:00:29.400,9.64769,9.65196,1.12,1.12
2016.01.12 20:00:34.799,9.64759,9.65176,1.12,1.12
2016.01.12 20:00:35.251,9.64757,9.6516,1.12,1.12
2016.01.12 20:00:41.724,9.64718,9.65184,1.12,1.12
2016.01.12 20:00:44.839,9.64718,9.65169,1.12,1.12
2016.01.12 20:00:45.147,9.6473,9.6517,1.12,1.12
2016.01.12 20:00:45.249,9.6475,9.65172,1.12,1.12
2016.01.12 20:00:53.156,9.64744,9.65202,1.12,1.12
2016.01.12 20:01:23.541,9.64751,9.65202,1.12,1.12
2016.01.12 20:01:23.860,9.64771,9.65202,1.12,1.12
2016.01.12 20:01:31.447,9.64784,9.6517,1.75,1.07
2016.01.12 20:01:31.614,9.64834,9.65269,1.45,1.12
2016.01.12 20:01:31.665,9.64834,9.65269,1.75,1.12
2016.01.12 20:01:31.868,9.64906,9.65326,1.07,1.12
2016.01.12 20:01:31.919,9.64906,9.65436,1.45,2.25
2016.01.12 20:01:32.026,9.64906,9.65436,1.87,1.50
2016.01.12 20:01:32.229,9.64933,9.65436,1.12,1.50
2016.01.12 20:01:32.280,9.64933,9.65525,1.12,1.00
2016.01.12 20:01:32.331,9.64957,9.65525,1.12,1.00
2016.01.12 20:01:33.449,9.64968,9.65546,1.12,1.00
2016.01.12 20:01:33.500,9.64968,9.65563,1.12,1.00
2016.01.12 20:01:43.263,9.64975,9.65563,1.12,1.00
2016.01.12 20:01:43.580,9.65019,9.65524,1.12,1.00
2016.01.12 20:01:44.373,9.64965,9.65524,1.12,1.00
2016.01.12 20:01:45.636,9.64966,9.65524,1.12,1.00
2016.01.12 20:01:45.688,9.64985,9.65524,1.12,1.00
2016.01.12 20:01:46.020,9.64994,9.65524,1.12,1.00
2016.01.12 20:01:52.470,9.64994,9.65506,1.12,1.00
2016.01.12 20:02:09.107,9.64992,9.65506,1.12,1.00
2016.01.12 20:02:09.557,9.64985,9.65506,1.12,1.00
2016.01.12 20:02:12.430,9.64985,9.65526,1.12,1.00
2016.01.12 20:02:12.938,9.64985,9.65527,1.12,1.00
2016.01.12 20:02:32.460,9.64985,9.65547,1.12,1.00
2016.01.12 20:02:32.966,9.64985,9.65548,1.12,1.00
2016.01.12 20:02:41.445,9.65061,9.65548,1.12,1.00
2016.01.12 20:02:44.363,9.65061,9.65504,1.12,1.00
2016.01.12 20:02:44.969,9.65061,9.65486,1.12,1.50
2016.01.12 20:02:48.905,9.65061,9.65504,1.12,1.00
2016.01.12 20:02:50.136,9.65027,9.65504,1.12,1.00
2016.01.12 20:02:51.209,9.65028,9.65504,1.12,1.00
2016.01.12 20:03:12.460,9.65028,9.65507,1.12,1.00
2016.01.12 20:03:30.087,9.65028,9.65425,1.12,1.00
2016.01.12 20:03:31.160,9.64969,9.65425,1.12,1.00
2016.01.12 20:03:32.496,9.64969,9.65411,1.12,1.00
2016.01.12 20:03:33.350,9.65019,9.65411,1.12,1.00
2016.01.12 20:03:37.088,9.65019,9.65431,1.12,1.00
2016.01.12 20:03:37.139,9.65019,9.65464,1.12,1.00
2016.01.12 20:03:49.056,9.65019,9.65503,1.12,1.00
2016.01.12 20:03:49.107,9.65019,9.65496,1.12,1.50
2016.01.12 20:03:50.064,9.65019,9.65503,1.12,1.00
2016.01.12 20:04:03.296,9.65019,9.65296,1.12,1.00
2016.01.12 20:04:03.600,9.64675,9.64989,1.12,1.00
2016.01.12 20:04:03.651,9.64675,9.65036,1.12,1.50
2016.01.12 20:04:03.702,9.64765,9.65036,1.12,1.50
2016.01.12 20:04:03.753,9.64765,9.65176,1.12,1.00
2016.01.12 20:04:03.804,9.64828,9.6519,1.12,1.00
2016.01.12 20:04:03.855,9.64828,9.65196,1.12,1.00
2016.01.12 20:04:03.906,9.64828,9.65286,1.12,1.50
2016.01.12 20:04:03.957,9.64887,9.65286,1.12,1.50
2016.01.12 20:04:04.265,9.64995,9.65366,1.12,1.50
2016.01.12 20:04:04.569,9.65055,9.65366,1.12,1.50
2016.01.12 20:04:05.244,9.65055,9.65456,1.12,1.50
2016.01.12 20:04:05.345,9.65038,9.65456,1.12,1.50
2016.01.12 20:04:05.599,9.65157,9.65642,1.12,1.00
2016.01.12 20:04:05.713,9.65157,9.65646,1.12,1.50
2016.01.12 20:04:06.930,9.65187,9.65646,1.12,1.50
2016.01.12 20:04:14.202,9.65144,9.65646,1.12,1.50
2016.01.12 20:04:17.671,9.65141,9.65646,1.12,1.50
2016.01.12 20:04:17.722,9.65141,9.65626,1.12,1.00
2016.01.12 20:04:18.077,9.6509,9.65552,1.12,1.00
2016.01.12 20:04:25.954,9.651,9.65552,1.12,1.00
2016.01.12 20:04:32.530,9.651,9.65557,1.12,1.50
2016.01.12 20:04:42.303,9.65038,9.65557,1.05,1.50
2016.01.12 20:04:44.636,9.65038,9.65557,1.16,1.50
2016.01.12 20:04:45.186,9.65038,9.65557,1.09,1.50
2016.01.12 20:04:46.338,9.65038,9.65557,1.07,1.50
2016.01.12 20:04:48.377,9.65038,9.65477,1.04,1.50
2016.01.12 20:04:48.987,9.65038,9.65477,1.15,1.50
2016.01.12 20:05:14.244,9.64979,9.65477,1.06,1.50
2016.01.12 20:05:15.777,9.65031,9.65477,1.11,1.50
2016.01.12 20:05:34.530,9.65031,9.65477,1.06,1.50
2016.01.12 20:05:35.077,9.65031,9.65477,1.09,1.50
2016.01.12 20:05:48.369,9.65031,9.6552,1.09,1.00
2016.01.12 20:05:52.516,9.65031,9.65524,1.09,1.00
2016.01.12 20:06:02.120,9.65031,9.65524,1.14,1.00
2016.01.12 20:06:02.637,9.65031,9.65524,1.10,1.00
2016.01.12 20:06:03.499,9.65031,9.65524,1.09,1.00
2016.01.12 20:06:04.124,9.65031,9.65524,1.02,1.00
2016.01.12 20:06:12.478,9.65031,9.65512,1.05,1.00
2016.01.12 20:06:19.980,9.64967,9.65512,1.37,1.00
2016.01.12 20:06:20.483,9.64974,9.65512,1.05,1.00
2016.01.12 20:06:24.440,9.64967,9.65487,1.34,1.00
2016.01.12 20:06:24.592,9.64974,9.65521,1.08,1.00
2016.01.12 20:06:32.514,9.64974,9.6551,1.09,1.00
2016.01.12 20:06:33.105,9.64974,9.6551,1.07,1.00
2016.01.12 20:06:34.210,9.64974,9.6551,1.11,1.00
2016.01.12 20:06:34.747,9.64974,9.6551,1.12,1.00
2016.01.12 20:06:44.511,9.65032,9.65547,1.12,1.00
2016.01.12 20:06:45.548,9.65032,9.65547,1.14,1.00
2016.01.12 20:06:46.350,9.65032,9.65547,1.00,1.00
2016.01.12 20:06:47.658,9.65032,9.65556,1.14,1.50
2016.01.12 20:06:49.445,9.65032,9.65547,1.13,1.00
2016.01.12 20:06:52.475,9.65032,9.65556,1.17,1.50
2016.01.12 20:06:53.329,9.65056,9.65556,1.07,1.50
2016.01.12 20:06:53.775,9.65056,9.65537,1.01,1.00
2016.01.12 20:06:53.877,9.65007,9.65537,1.34,1.00
2016.01.12 20:06:54.411,9.65009,9.65537,1.04,1.00
2016.01.12 20:06:54.462,9.65009,9.65466,1.04,1.50
2016.01.12 20:06:55.800,9.64991,9.65466,1.04,1.50
2016.01.12 20:06:56.393,9.65048,9.65466,1.02,1.50
2016.01.12 20:06:58.794,9.65046,9.65466,1.01,1.50
2016.01.12 20:07:01.198,9.65048,9.65466,1.03,1.50
2016.01.12 20:07:07.738,9.65005,9.65574,1.14,1.00
2016.01.12 20:07:08.239,9.65014,9.65574,1.02,1.00
2016.01.12 20:07:08.423,9.65013,9.65551,1.14,1.00
2016.01.12 20:07:08.741,9.65013,9.65531,1.08,1.00
2016.01.12 20:07:09.055,9.64994,9.65476,1.15,1.50
2016.01.12 20:07:20.194,9.64988,9.65476,1.08,1.50
2016.01.12 20:07:20.745,9.64976,9.65476,1.07,1.50
2016.01.12 20:08:08.976,9.65012,9.65519,1.08,1.00
2016.01.12 20:08:32.444,9.65012,9.6552,1.08,1.00
2016.01.12 20:08:52.384,9.65046,9.65526,1.15,1.00
2016.01.12 20:08:55.006,9.65046,9.65546,1.15,2.25
2016.01.12 20:08:55.209,9.65088,9.65546,1.12,1.50
2016.01.12 20:09:00.420,9.65117,9.65546,1.12,1.50
2016.01.12 20:09:00.623,9.65168,9.65665,1.12,1.00
2016.01.12 20:09:00.675,9.65168,9.65717,1.12,1.50
2016.01.12 20:09:32.603,9.65188,9.65717,1.12,1.50
2016.01.12 20:09:32.922,9.65211,9.65717,1.12,1.50
2016.01.12 20:09:43.049,9.65231,9.65717,1.12,1.50
2016.01.12 20:09:43.354,9.6525,9.65717,1.12,1.50
2016.01.12 20:10:00.620,9.6525,9.65737,1.12,1.00
2016.01.12 20:10:07.517,9.65207,9.65737,1.12,1.00
2016.01.12 20:10:12.578,9.65207,9.65722,1.12,1.00
2016.01.12 20:10:28.207,9.65249,9.65722,1.12,1.00
2016.01.12 20:10:32.385,9.65249,9.65731,1.12,1.00
2016.01.12 20:10:36.114,9.65219,9.65731,1.12,1.00
2016.01.12 20:10:38.181,9.65219,9.65716,1.12,1.00
2016.01.12 20:10:39.517,9.65191,9.65716,1.12,1.37
2016.01.12 20:10:40.167,9.65191,9.65696,1.12,1.00
2016.01.12 20:10:42.142,9.65191,9.65676,1.12,1.00
2016.01.12 20:10:43.344,9.65191,9.65666,1.12,1.00
2016.01.12 20:10:43.564,9.65191,9.65676,1.12,1.00
2016.01.12 20:10:44.566,9.65191,9.65666,1.12,1.00
2016.01.12 20:10:47.354,9.65191,9.65676,1.12,1.00
2016.01.12 20:10:51.059,9.65191,9.65666,1.12,1.00
2016.01.12 20:10:54.186,9.65191,9.65676,1.12,1.00
2016.01.12 20:10:55.320,9.65191,9.65636,1.12,1.50
2016.01.12 20:11:15.380,9.65156,9.65636,1.12,2.25
2016.01.12 20:11:25.924,9.65156,9.65636,1.12,2.25
2016.01.12 20:11:26.279,9.65223,9.65636,1.12,2.25
2016.01.12 20:11:27.233,9.65207,9.65636,1.12,1.50
2016.01.12 20:11:27.284,9.65189,9.65636,1.12,1.50
2016.01.12 20:11:28.339,9.65189,9.65636,1.12,1.50
2016.01.12 20:11:29.471,9.65185,9.65636,1.12,1.50
2016.01.12 20:11:30.422,9.65185,9.65636,1.12,1.50
2016.01.12 20:11:31.895,9.65194,9.65636,1.12,1.50
2016.01.12 20:11:32.650,9.65192,9.65636,1.12,1.50
2016.01.12 20:11:33.199,9.65225,9.65636,1.12,1.50
2016.01.12 20:11:33.978,9.65191,9.65636,1.12,1.50
2016.01.12 20:11:35.175,9.65224,9.65636,1.12,1.50
2016.01.12 20:11:37.354,9.65205,9.65636,1.12,1.50
2016.01.12 20:11:37.405,9.65185,9.65636,1.12,1.50
2016.01.12 20:11:38.131,9.65185,9.65636,1.12,1.50
2016.01.12 20:11:39.116,9.652,9.65636,1.12,1.50
2016.01.12 20:11:39.167,9.6518,9.65636,1.12,1.50
2016.01.12 20:11:39.418,9.65189,9.65636,1.12,2.25
2016.01.12 20:11:39.921,9.65227,9.65636,1.12,2.25
2016.01.12 20:11:40.429,9.65211,9.65636,1.12,2.25
2016.01.12 20:11:40.480,9.65193,9.65636,1.12,2.25
2016.01.12 20:11:41.374,9.65193,9.65626,1.12,1.00
2016.01.12 20:11:43.390,9.65193,9.65636,1.12,1.50
2016.01.12 20:11:43.441,9.65228,9.65636,1.12,1.50
2016.01.12 20:11:43.754,9.65197,9.65636,1.12,1.50
2016.01.12 20:11:49.038,9.65228,9.65636,1.12,1.50
2016.01.12 20:11:52.214,9.65212,9.65636,1.12,1.50
2016.01.12 20:11:52.265,9.65197,9.65636,1.12,1.50
2016.01.12 20:11:52.468,9.65218,9.65636,1.12,1.50
2016.01.12 20:11:53.024,9.65251,9.65636,1.12,1.50
2016.01.12 20:11:55.356,9.65251,9.65646,1.12,1.00
2016.01.12 20:11:57.160,9.65233,9.65646,1.12,1.00
2016.01.12 20:11:57.211,9.65212,9.65646,1.12,1.00
2016.01.12 20:12:04.837,9.65212,9.65656,1.12,1.00
2016.01.12 20:12:06.340,9.65212,9.65657,1.12,1.00
2016.01.12 20:12:06.843,9.65212,9.65666,1.12,1.00
2016.01.12 20:12:12.656,9.65212,9.65677,1.12,1.00
2016.01.12 20:12:13.196,9.65212,9.65676,1.12,1.00
2016.01.12 20:12:13.248,9.65244,9.65676,1.12,1.00
2016.01.12 20:12:13.400,9.65244,9.65696,1.12,1.00
2016.01.12 20:12:13.769,9.65244,9.65696,1.12,1.00
2016.01.12 20:12:14.871,9.65273,9.65697,1.12,1.00
2016.01.12 20:12:15.908,9.65273,9.65696,1.12,1.00
2016.01.12 20:12:16.209,9.65244,9.65696,1.12,1.00
2016.01.12 20:12:16.748,9.65244,9.65697,1.12,1.00
2016.01.12 20:12:17.409,9.65244,9.65686,1.12,1.00
2016.01.12 20:12:20.426,9.65244,9.65676,1.12,1.00
2016.01.12 20:12:21.479,9.65244,9.65666,1.12,1.00
2016.01.12 20:12:29.120,9.65244,9.65667,1.12,1.00
2016.01.12 20:12:29.670,9.65244,9.65666,1.12,1.00
2016.01.12 20:12:30.240,9.65244,9.65656,1.12,1.00
2016.01.12 20:12:30.573,9.65273,9.65656,1.12,1.00
2016.01.12 20:12:33.242,9.65257,9.65656,1.12,1.00
2016.01.12 20:12:33.293,9.65244,9.65656,1.12,1.00
2016.01.12 20:12:38.420,9.65213,9.65656,1.12,1.00
2016.01.12 20:12:38.775,9.65243,9.65656,1.12,1.00
2016.01.12 20:12:40.494,9.65243,9.65666,1.12,2.25
2016.01.12 20:12:40.933,9.65243,9.65656,1.12,1.00
2016.01.12 20:12:41.085,9.6521,9.65656,1.12,1.00
2016.01.12 20:12:42.725,9.65241,9.65656,1.12,1.00
2016.01.12 20:12:43.140,9.65241,9.65666,1.12,2.25
2016.01.12 20:12:43.680,9.65241,9.65656,1.12,1.00
2016.01.12 20:12:43.832,9.6521,9.65656,1.12,1.00
2016.01.12 20:12:44.244,9.65155,9.65656,1.12,1.00
2016.01.12 20:12:44.295,9.65128,9.65656,1.87,1.00
2016.01.12 20:12:49.014,9.65164,9.65656,1.12,1.00
2016.01.12 20:12:50.154,9.65164,9.65636,1.12,1.00
2016.01.12 20:12:53.150,9.65164,9.65647,1.12,1.00
2016.01.12 20:12:53.663,9.65164,9.65646,1.12,1.00
2016.01.12 20:12:55.379,9.65164,9.65636,1.12,1.00
2016.01.12 20:12:57.085,9.65164,9.65647,1.12,1.00
2016.01.12 20:12:57.905,9.65164,9.65636,1.12,1.00
2016.01.12 20:12:58.419,9.65164,9.65637,1.12,1.00
2016.01.12 20:13:00.179,9.65164,9.65636,1.12,1.00
2016.01.12 20:13:01.682,9.65164,9.65656,1.12,1.00
2016.01.12 20:13:03.421,9.65164,9.65657,1.12,1.00
2016.01.12 20:13:04.898,9.65164,9.65656,1.12,1.00
2016.01.12 20:13:20.903,9.65164,9.65657,1.12,1.00
2016.01.12 20:13:21.225,9.65164,9.65666,1.12,1.50
2016.01.12 20:13:27.011,9.65164,9.65646,1.12,1.00
2016.01.12 20:13:31.329,9.65164,9.65636,1.12,1.00
2016.01.12 20:13:32.594,9.65164,9.65617,1.12,1.00
2016.01.12 20:13:33.494,9.65164,9.65616,1.12,1.00
2016.01.12 20:13:35.965,9.65164,9.65617,1.12,1.00
2016.01.12 20:13:36.493,9.65164,9.65616,1.12,1.00
2016.01.12 20:13:37.191,9.65164,9.65596,1.12,1.00
2016.01.12 20:13:37.991,9.65164,9.65606,1.12,1.00
2016.01.12 20:13:38.194,9.65164,9.65626,1.12,1.00
2016.01.12 20:13:39.906,9.65164,9.65616,1.12,1.00
2016.01.12 20:13:43.067,9.65164,9.65617,1.12,1.00
2016.01.12 20:13:43.741,9.65164,9.65616,1.12,1.00
2016.01.12 20:13:46.693,9.65164,9.65626,1.12,1.00
2016.01.12 20:13:49.316,9.65164,9.65627,1.12,1.00
2016.01.12 20:13:49.968,9.65164,9.65626,1.12,1.00
2016.01.12 20:13:54.006,9.65164,9.65627,1.12,1.00
2016.01.12 20:13:54.310,9.65124,9.65627,1.12,1.00
2016.01.12 20:13:56.589,9.65124,9.65616,1.12,1.00
2016.01.12 20:14:16.329,9.65124,9.65636,1.12,1.00
2016.01.12 20:14:18.697,9.65124,9.65646,1.12,1.00
2016.01.12 20:14:35.940,9.65143,9.65646,1.12,1.00
2016.01.12 20:14:36.269,9.65163,9.65646,1.12,1.00
2016.01.12 20:14:43.495,9.6519,9.65646,1.12,1.00
2016.01.12 20:14:44.032,9.65214,9.65646,1.12,1.00
2016.01.12 20:14:50.899,9.65225,9.65646,1.12,1.00
2016.01.12 20:14:51.218,9.65245,9.65646,1.12,1.00
2016.01.12 20:14:55.115,9.65245,9.65626,1.12,1.00
2016.01.12 20:14:57.021,9.65245,9.65646,1.12,1.00
2016.01.12 20:15:01.945,9.65245,9.65636,1.12,1.00
2016.01.12 20:15:03.355,9.65245,9.65616,1.12,1.00
2016.01.12 20:15:08.663,9.65245,9.65606,1.12,1.00
2016.01.12 20:15:09.259,9.65245,9.65607,1.12,1.00
2016.01.12 20:15:09.764,9.65245,9.65596,1.12,1.00
2016.01.12 20:15:12.108,9.65214,9.65576,1.12,1.00
2016.01.12 20:15:17.578,9.65214,9.65566,1.12,1.00
2016.01.12 20:15:25.433,9.65176,9.65546,1.12,1.00
2016.01.12 20:15:25.535,9.65174,9.65546,1.12,1.00
2016.01.12 20:15:46.347,9.65129,9.65536,1.12,1.00
2016.01.12 20:15:46.449,9.65127,9.65536,1.12,1.00
2016.01.12 20:15:46.760,9.65088,9.65536,1.12,1.00
2016.01.12 20:15:50.447,9.65088,9.65526,1.12,1.00
2016.01.12 20:15:51.204,9.65088,9.65516,1.12,1.00
2016.01.12 20:15:52.055,9.65103,9.65516,1.12,1.00
2016.01.12 20:15:52.405,9.65123,9.65516,1.12,1.00
2016.01.12 20:15:55.965,9.65123,9.65496,1.12,1.00
2016.01.12 20:15:59.901,9.65123,9.65516,1.12,1.00
2016.01.12 20:16:00.926,9.65086,9.65516,1.12,1.00
2016.01.12 20:16:02.476,9.65086,9.65527,1.12,1.00
2016.01.12 20:16:04.380,9.65086,9.65516,1.12,1.00
2016.01.12 20:16:05.892,9.65086,9.65526,1.12,1.00
2016.01.12 20:16:15.905,9.65086,9.65536,1.12,1.00
2016.01.12 20:16:19.425,9.65102,9.65536,1.12,1.00
2016.01.12 20:16:19.834,9.65122,9.65536,1.12,1.00
2016.01.12 20:16:25.226,9.65122,9.65546,1.12,1.00
2016.01.12 20:16:26.938,9.65122,9.65566,1.12,1.00
2016.01.12 20:16:28.772,9.65122,9.65577,1.12,1.00
2016.01.12 20:16:29.312,9.65122,9.65576,1.12,1.00
2016.01.12 20:16:30.265,9.65122,9.65577,1.12,1.00
2016.01.12 20:16:31.269,9.65122,9.65576,1.12,1.00
2016.01.12 20:16:33.687,9.65122,9.65577,1.12,1.00
2016.01.12 20:16:34.584,9.65122,9.65576,1.12,1.00
2016.01.12 20:16:35.387,9.65122,9.65586,1.12,1.00
2016.01.12 20:16:42.730,9.65122,9.65587,1.12,1.00
2016.01.12 20:16:43.394,9.65144,9.65587,1.12,1.00
2016.01.12 20:16:43.784,9.65178,9.65587,1.12,1.00
2016.01.12 20:16:44.452,9.65178,9.65586,1.12,1.00
2016.01.12 20:16:49.902,9.65178,9.65576,1.12,1.00
2016.01.12 20:16:55.112,9.65178,9.65596,1.12,1.00
2016.01.12 20:16:59.955,9.65178,9.65606,1.12,1.00
2016.01.12 20:17:00.371,9.65186,9.65606,1.12,1.00
2016.01.12 20:17:00.473,9.65216,9.65646,1.12,1.00
2016.01.12 20:17:00.575,9.65232,9.65646,1.12,1.00
2016.01.12 20:17:02.029,9.65232,9.65636,1.12,1.00
2016.01.12 20:17:03.634,9.65232,9.65626,1.12,1.00
2016.01.12 20:17:06.967,9.65232,9.65606,1.12,1.00
2016.01.12 20:17:07.372,9.65232,9.65626,1.12,1.00
2016.01.12 20:17:10.462,9.65232,9.65616,1.12,1.00
2016.01.12 20:17:21.893,9.65232,9.65636,1.12,1.00
2016.01.12 20:17:31.393,9.65232,9.65626,1.12,1.00
2016.01.12 20:17:36.314,9.65245,9.65626,1.12,1.00
2016.01.12 20:17:36.641,9.65261,9.65626,1.12,1.00
2016.01.12 20:17:40.146,9.65229,9.65626,1.12,1.00
2016.01.12 20:17:41.420,9.65229,9.65616,1.12,1.00
2016.01.12 20:17:51.341,9.65229,9.65606,1.12,1.00
2016.01.12 20:17:53.057,9.65229,9.65596,1.12,1.00
2016.01.12 20:17:55.173,9.65229,9.65587,1.12,1.00
2016.01.12 20:17:57.157,9.65229,9.65576,1.12,1.00
2016.01.12 20:17:58.174,9.65229,9.65596,1.12,1.00
2016.01.12 20:18:02.488,9.65229,9.65576,1.12,1.00
2016.01.12 20:18:04.383,9.65229,9.65607,1.12,1.00
2016.01.12 20:18:04.686,9.65227,9.65676,1.12,1.00
2016.01.12 20:18:04.737,9.65246,9.65676,1.12,1.00
2016.01.12 20:18:05.045,9.65286,9.65676,1.12,1.00
2016.01.12 20:18:06.203,9.65286,9.65666,1.12,1.00
2016.01.12 20:18:12.501,9.65286,9.65656,1.12,1.00
2016.01.12 20:18:13.052,9.65245,9.65656,1.12,1.00
2016.01.12 20:18:14.399,9.65245,9.65565,1.12,1.20
2016.01.12 20:18:14.501,9.65245,9.65656,1.12,1.00
2016.01.12 20:18:16.443,9.65245,9.65666,1.12,1.00
2016.01.12 20:18:16.700,9.65231,9.65666,1.12,1.00
2016.01.12 20:18:17.423,9.65231,9.65636,1.12,1.00
2016.01.12 20:18:17.626,9.65187,9.65646,1.12,1.00
2016.01.12 20:18:17.677,9.65187,9.65646,1.12,1.00
2016.01.12 20:18:17.931,9.65187,9.65676,1.12,1.00
2016.01.12 20:18:18.033,9.65187,9.6566,1.12,1.00
2016.01.12 20:18:22.506,9.65139,9.6566,1.12,1.00
2016.01.12 20:18:24.212,9.65159,9.6566,1.12,1.00
2016.01.12 20:18:24.561,9.65182,9.65677,1.12,1.00
2016.01.12 20:18:25.150,9.65182,9.65687,1.12,1.00
2016.01.12 20:18:26.321,9.65182,9.65686,1.12,1.00
2016.01.12 20:18:26.860,9.65182,9.65687,1.12,1.00
2016.01.12 20:18:29.630,9.65182,9.65677,1.12,1.00
2016.01.12 20:18:30.234,9.65182,9.65676,1.12,1.00
2016.01.12 20:18:30.637,9.65182,9.65666,1.12,1.00
2016.01.12 20:18:34.651,9.65182,9.65656,1.12,1.00
2016.01.12 20:18:35.484,9.65182,9.65641,1.12,1.00
2016.01.12 20:18:35.787,9.6516,9.65636,1.12,1.00
2016.01.12 20:18:35.839,9.6516,9.65636,1.12,1.00
2016.01.12 20:18:36.256,9.6516,9.65616,1.12,1.00
2016.01.12 20:18:37.361,9.6516,9.65596,1.12,1.00
2016.01.12 20:18:39.392,9.6516,9.65576,1.12,1.00
2016.01.12 20:18:40.925,9.6516,9.65557,1.12,1.00
2016.01.12 20:18:41.232,9.65138,9.65556,1.12,1.00
2016.01.12 20:18:42.522,9.6509,9.65556,1.12,1.00
2016.01.12 20:18:42.682,9.6509,9.65536,1.12,1.00
2016.01.12 20:18:43.586,9.6509,9.65516,1.12,1.00
2016.01.12 20:18:44.690,9.6509,9.65517,1.12,1.00
2016.01.12 20:18:47.700,9.6509,9.65496,1.12,1.00
2016.01.12 20:18:50.918,9.6505,9.65506,1.12,1.00
2016.01.12 20:18:51.021,9.65048,9.65506,1.12,1.00
2016.01.12 20:18:51.915,9.65048,9.65536,1.12,1.00
2016.01.12 20:18:52.118,9.65008,9.65515,1.12,1.00
2016.01.12 20:18:52.429,9.65008,9.65486,1.12,1.00
2016.01.12 20:18:52.784,9.64933,9.65486,1.30,1.00
2016.01.12 20:18:52.886,9.64931,9.65486,1.30,1.00
2016.01.12 20:18:53.141,9.64951,9.65486,1.16,1.00
2016.01.12 20:18:53.470,9.64971,9.65486,1.12,1.00
2016.01.12 20:18:53.822,9.64971,9.65476,1.12,1.50
2016.01.12 20:18:54.127,9.64971,9.65466,1.12,1.00
2016.01.12 20:18:54.229,9.64971,9.65476,1.12,1.50
2016.01.12 20:18:54.432,9.64987,9.65476,1.12,1.50
2016.01.12 20:18:54.771,9.65007,9.65476,1.12,1.50
2016.01.12 20:18:55.108,9.65007,9.65469,1.12,1.00
2016.01.12 20:18:55.542,9.65007,9.65476,1.12,1.50
2016.01.12 20:18:55.594,9.65007,9.65462,1.12,1.00
2016.01.12 20:18:55.695,9.65007,9.65476,1.12,1.50
2016.01.12 20:18:55.797,9.65007,9.6547,1.12,1.00
2016.01.12 20:18:55.898,9.65007,9.65476,1.12,1.50
2016.01.12 20:18:56.310,9.65007,9.6547,1.12,1.00
2016.01.12 20:18:56.431,9.65007,9.65476,1.12,1.50
2016.01.12 20:18:56.832,9.6497,9.65476,1.12,1.50
2016.01.12 20:18:56.934,9.6497,9.65466,1.12,1.00
2016.01.12 20:18:58.838,9.6497,9.65446,1.12,1.00
2016.01.12 20:18:59.042,9.6497,9.65467,1.12,1.00
2016.01.12 20:18:59.301,9.64985,9.65467,1.12,1.00
2016.01.12 20:18:59.624,9.65005,9.65467,1.12,1.00
2016.01.12 20:19:00.145,9.65005,9.65466,1.12,1.00
2016.01.12 20:19:00.949,9.6497,9.65462,1.12,1.00
2016.01.12 20:19:01.089,9.64968,9.65466,1.12,1.00
2016.01.12 20:19:01.140,9.64968,9.6546,1.12,1.00
2016.01.12 20:19:01.242,9.64968,9.65466,1.12,1.00
2016.01.12 20:19:01.344,9.64968,9.65446,1.12,1.00
2016.01.12 20:19:02.003,9.64985,9.65446,1.12,1.00
2016.01.12 20:19:02.312,9.65005,9.65446,1.12,1.00
2016.01.12 20:19:02.654,9.65005,9.65426,1.12,1.50
2016.01.12 20:19:02.756,9.64966,9.65426,1.12,1.50
2016.01.12 20:19:03.785,9.64956,9.65426,1.12,2.25
2016.01.12 20:19:03.958,9.64956,9.65406,1.12,1.00
2016.01.12 20:19:04.302,9.64956,9.65396,1.12,1.00
2016.01.12 20:19:05.062,9.64956,9.65376,1.12,1.00
2016.01.12 20:19:05.413,9.64956,9.65366,1.12,1.00
2016.01.12 20:19:05.950,9.64919,9.65366,1.36,1.00
2016.01.12 20:19:06.669,9.64919,9.65346,1.34,1.00
2016.01.12 20:19:07.171,9.649,9.65346,1.05,1.00
2016.01.12 20:19:07.471,9.649,9.65337,1.05,1.00
2016.01.12 20:19:07.968,9.64866,9.65326,1.08,1.00
2016.01.12 20:19:08.977,9.64831,9.65306,1.10,1.00
2016.01.12 20:19:09.332,9.64831,9.65296,1.10,1.00
2016.01.12 20:19:09.854,9.64829,9.65296,1.13,1.00
2016.01.12 20:19:10.160,9.64791,9.65286,1.11,1.00
2016.01.12 20:19:12.152,9.64791,9.65266,1.06,1.00
2016.01.12 20:19:12.340,9.64791,9.65286,1.06,1.00
2016.01.12 20:19:22.463,9.64797,9.65256,1.08,1.00
2016.01.12 20:19:24.669,9.64795,9.65247,1.36,1.00
2016.01.12 20:19:25.384,9.64795,9.65247,1.12,1.00
2016.01.12 20:19:25.537,9.64755,9.65247,1.12,1.00
2016.01.12 20:19:25.922,9.64755,9.65226,1.12,1.00
2016.01.12 20:19:26.226,9.64793,9.65226,1.12,1.00
2016.01.12 20:19:26.956,9.64761,9.65226,1.12,1.00
2016.01.12 20:19:28.179,9.64761,9.65216,1.12,1.00
2016.01.12 20:19:28.480,9.64761,9.65206,1.12,1.00
2016.01.12 20:19:38.406,9.64761,9.65216,1.12,1.00
2016.01.12 20:19:38.805,9.64761,9.65206,1.12,1.00
2016.01.12 20:19:39.423,9.64761,9.65216,1.12,1.00
2016.01.12 20:19:40.411,9.64761,9.65206,1.12,1.00
2016.01.12 20:19:45.464,9.64735,9.65226,1.12,1.00
2016.01.12 20:19:52.841,9.64735,9.65216,1.12,1.00
2016.01.12 20:19:53.452,9.64735,9.65206,1.12,1.00
2016.01.12 20:19:54.923,9.6475,9.65206,1.12,1.00
2016.01.12 20:19:56.154,9.6475,9.65186,1.12,1.00
2016.01.12 20:19:56.460,9.64734,9.65186,1.12,1.00
2016.01.12 20:19:57.863,9.64734,9.65196,1.12,1.00
2016.01.12 20:19:59.170,9.64718,9.65186,1.12,1.00
2016.01.12 20:19:59.221,9.64717,9.65186,1.12,1.00
2016.01.12 20:20:00.440,9.64714,9.65186,1.12,1.00
2016.01.12 20:20:02.186,9.64714,9.65196,1.12,1.00
2016.01.12 20:20:02.705,9.64707,9.65196,1.12,1.00
2016.01.12 20:20:02.958,9.64712,9.65196,1.12,1.00
2016.01.12 20:20:05.602,9.64712,9.65177,1.12,1.00
2016.01.12 20:20:09.486,9.64712,9.65176,1.12,1.00
2016.01.12 20:20:15.400,9.64712,9.65166,1.12,1.00
2016.01.12 20:20:15.610,9.64704,9.65166,1.87,1.00
2016.01.12 20:20:15.914,9.64706,9.65166,1.12,1.00
2016.01.12 20:20:17.407,9.64711,9.65146,1.12,1.00
2016.01.12 20:20:19.357,9.64704,9.65146,1.12,1.00
2016.01.12 20:20:19.677,9.64706,9.65146,1.12,1.00
2016.01.12 20:20:30.686,9.64715,9.65136,1.12,1.00
2016.01.12 20:20:33.085,9.64703,9.65136,1.75,1.00
2016.01.12 20:20:33.187,9.64703,9.65126,1.45,1.00
2016.01.12 20:20:33.644,9.64703,9.65126,1.82,1.00
2016.01.12 20:20:45.394,9.64702,9.65276,1.12,1.00
2016.01.12 20:20:45.446,9.64688,9.65276,1.12,1.00
2016.01.12 20:20:45.583,9.64688,9.65296,1.12,1.50
2016.01.12 20:20:45.635,9.64695,9.65296,1.12,1.50
2016.01.12 20:20:45.963,9.64754,9.65278,1.17,1.00
2016.01.12 20:20:46.855,9.64754,9.65278,1.10,1.00
2016.01.12 20:20:47.207,9.64754,9.65266,1.00,1.00
2016.01.12 20:20:47.334,9.64729,9.65266,1.00,1.00
2016.01.12 20:20:47.590,9.64729,9.65246,1.00,1.00
2016.01.12 20:20:48.392,9.64729,9.65217,1.00,1.00
2016.01.12 20:20:49.396,9.64729,9.65206,1.00,1.00
2016.01.12 20:20:50.500,9.64729,9.65216,1.00,1.00
2016.01.12 20:20:52.071,9.64644,9.65216,2.25,1.00
2016.01.12 20:20:52.122,9.64644,9.65226,1.75,1.00
2016.01.12 20:20:52.224,9.64624,9.65176,1.12,1.50
2016.01.12 20:20:52.326,9.64601,9.65176,1.12,1.50
2016.01.12 20:20:52.378,9.64574,9.65176,1.12,1.50
2016.01.12 20:20:52.531,9.64719,9.65176,1.00,1.50
2016.01.12 20:20:52.835,9.64823,9.65197,1.00,1.00
2016.01.12 20:20:52.937,9.64757,9.65304,1.12,1.00
2016.01.12 20:20:53.038,9.64757,9.65247,1.12,1.00
2016.01.12 20:20:53.089,9.64737,9.65247,1.12,1.00
2016.01.12 20:20:53.140,9.64723,9.65247,1.12,1.00
2016.01.12 20:20:53.291,9.64699,9.65247,1.12,1.00
2016.01.12 20:20:53.342,9.64672,9.65247,1.12,1.00
2016.01.12 20:20:53.444,9.64596,9.6521,1.12,1.00
2016.01.12 20:20:53.495,9.64576,9.6521,1.50,1.00
2016.01.12 20:20:53.546,9.64569,9.65153,1.12,1.00
2016.01.12 20:20:53.850,9.64569,9.6505,1.12,1.00
2016.01.12 20:20:53.902,9.64539,9.6505,1.12,1.00
2016.01.12 20:20:53.954,9.64512,9.64994,1.12,1.00
2016.01.12 20:20:54.107,9.64481,9.64994,1.12,1.00
2016.01.12 20:20:54.158,9.64454,9.64957,1.12,1.00
2016.01.12 20:20:54.413,9.64434,9.64957,1.12,1.00
2016.01.12 20:20:54.464,9.64428,9.64892,1.12,1.00
2016.01.12 20:20:54.871,9.64422,9.64892,1.12,1.00
2016.01.12 20:20:56.724,9.64403,9.64892,1.12,1.00
2016.01.12 20:20:57.406,9.64405,9.64892,1.12,1.00
2016.01.12 20:21:06.284,9.64384,9.64892,1.12,1.00
2016.01.12 20:21:06.335,9.64357,9.64892,1.12,1.00
2016.01.12 20:21:12.477,9.64357,9.64897,1.12,1.00
2016.01.12 20:21:14.521,9.64357,9.64896,1.12,1.50
2016.01.12 20:21:14.572,9.64357,9.64879,1.12,1.00
2016.01.12 20:21:14.874,9.64357,9.64859,1.12,1.00
2016.01.12 20:21:19.415,9.64336,9.64859,1.12,1.00
2016.01.12 20:21:19.466,9.64328,9.64859,1.12,1.00
2016.01.12 20:21:26.493,9.64328,9.64806,1.12,1.50
2016.01.12 20:21:29.526,9.64308,9.64806,1.12,1.50
2016.01.12 20:21:29.577,9.64283,9.64806,1.12,1.50
2016.01.12 20:21:47.690,9.64283,9.64799,1.12,1.00
2016.01.12 20:21:47.842,9.64235,9.64779,1.12,1.00
2016.01.12 20:21:48.096,9.6422,9.64762,1.12,1.00
2016.01.12 20:21:48.413,9.6422,9.64742,1.12,1.00
2016.01.12 20:21:48.797,9.6422,9.64686,1.12,1.50
2016.01.12 20:21:49.452,9.64205,9.64686,1.12,1.50
2016.01.12 20:21:49.860,9.64184,9.64686,1.12,1.50
2016.01.12 20:21:49.911,9.6416,9.64686,1.12,1.50
2016.01.12 20:21:50.607,9.6416,9.64684,1.12,1.00
2016.01.12 20:21:50.860,9.64125,9.64664,1.12,1.00
2016.01.12 20:21:50.911,9.64101,9.64664,1.12,1.00
2016.01.12 20:21:51.394,9.64103,9.64664,1.12,1.00
2016.01.12 20:21:51.698,9.64089,9.64567,1.12,1.50
2016.01.12 20:21:52.195,9.64085,9.64567,1.12,1.50
2016.01.12 20:21:52.712,9.64084,9.64567,1.12,1.50
2016.01.12 20:21:53.185,9.64064,9.64567,1.12,1.50
2016.01.12 20:21:53.236,9.64061,9.64567,1.12,1.50
2016.01.12 20:21:55.575,9.64061,9.64496,1.12,1.50
2016.01.12 20:21:57.886,9.64061,9.64546,1.12,1.00
2016.01.12 20:21:58.134,9.64061,9.64526,1.12,1.00
2016.01.12 20:22:01.723,9.64068,9.64526,1.12,1.00
2016.01.12 20:22:03.529,9.64076,9.64526,1.12,1.00
2016.01.12 20:22:03.580,9.64057,9.64526,1.12,1.00
2016.01.12 20:22:03.632,9.64057,9.64517,1.12,1.00
2016.01.12 20:22:03.934,9.6406,9.64566,1.12,1.00
2016.01.12 20:22:05.896,9.6406,9.64506,1.12,1.50
2016.01.12 20:22:13.688,9.6406,9.64586,1.12,2.25
2016.01.12 20:22:20.012,9.6406,9.64576,1.12,1.00
2016.01.12 20:22:27.911,9.6406,9.64586,1.12,1.50
2016.01.12 20:22:28.165,9.64067,9.64586,1.12,1.50
2016.01.12 20:22:34.397,9.64084,9.64586,1.12,1.50
2016.01.12 20:22:34.448,9.64057,9.64586,1.12,1.50
2016.01.12 20:22:54.109,9.64064,9.64586,1.12,1.50
2016.01.12 20:22:59.072,9.64117,9.64576,1.12,1.00
2016.01.12 20:23:00.384,9.64117,9.64586,1.12,2.25
2016.01.12 20:23:00.935,9.64097,9.64586,1.12,2.25
2016.01.12 20:23:00.986,9.64092,9.64586,1.12,2.25
2016.01.12 20:23:01.908,9.64094,9.64586,1.12,2.25
2016.01.12 20:23:02.920,9.64101,9.64586,1.12,2.25
2016.01.12 20:23:04.175,9.64145,9.64576,1.12,1.00
2016.01.12 20:23:04.726,9.64145,9.64577,1.12,1.00
2016.01.12 20:23:05.228,9.64145,9.64576,1.12,1.00
2016.01.12 20:23:08.415,9.64118,9.64566,1.12,1.00
2016.01.12 20:23:08.466,9.64096,9.64566,1.12,1.00
2016.01.12 20:23:12.909,9.64096,9.64576,1.12,1.00
2016.01.12 20:23:14.421,9.64096,9.64566,1.12,1.00
2016.01.12 20:23:15.321,9.64096,9.64496,1.12,1.50
2016.01.12 20:24:05.261,9.64096,9.64566,1.12,1.50
2016.01.12 20:24:05.931,9.64098,9.64566,1.12,1.50
2016.01.12 20:24:09.673,9.64112,9.64566,1.12,1.50
2016.01.12 20:24:09.724,9.6409,9.64566,1.12,1.50
2016.01.12 20:24:10.584,9.6409,9.64336,1.12,1.43
2016.01.12 20:24:11.119,9.6409,9.64335,1.12,1.76
2016.01.12 20:24:11.621,9.6409,9.64336,1.12,2.09
2016.01.12 20:24:13.129,9.6409,9.64342,1.12,1.00
2016.01.12 20:24:13.180,9.6409,9.64372,1.12,1.42
2016.01.12 20:24:13.232,9.64084,9.64275,1.12,1.32
2016.01.12 20:24:13.333,9.64015,9.64346,1.12,1.03
2016.01.12 20:24:13.384,9.63993,9.64346,1.12,1.03
2016.01.12 20:24:13.537,9.63995,9.64545,1.12,1.00
2016.01.12 20:24:13.588,9.64062,9.64552,1.12,1.00
2016.01.12 20:24:13.639,9.64062,9.64566,1.12,1.50
2016.01.12 20:24:13.741,9.64064,9.64566,1.12,1.50
2016.01.12 20:24:14.183,9.64103,9.64566,1.12,1.50
2016.01.12 20:24:14.627,9.64152,9.64566,1.12,1.50
2016.01.12 20:24:14.830,9.64177,9.64656,1.12,1.50
2016.01.12 20:24:15.207,9.64179,9.64656,1.12,1.50
2016.01.12 20:24:34.670,9.64174,9.64656,1.12,1.50
2016.01.12 20:24:51.371,9.64154,9.64656,1.12,1.50
2016.01.12 20:24:51.719,9.64157,9.64656,1.12,1.50
2016.01.12 20:25:14.824,9.64157,9.64708,1.12,1.00
2016.01.12 20:25:32.446,9.64157,9.64712,1.12,1.00
2016.01.12 20:25:47.932,9.64164,9.64712,1.12,1.00
2016.01.12 20:25:47.983,9.64187,9.64726,1.12,1.50
2016.01.12 20:26:04.433,9.64194,9.64726,1.12,1.50
2016.01.12 20:26:47.999,9.6423,9.64745,1.12,1.00
2016.01.12 20:26:52.414,9.6423,9.64743,1.12,1.00
2016.01.12 20:27:12.470,9.64245,9.64735,1.12,1.00
2016.01.12 20:27:27.480,9.64155,9.64735,1.12,1.00
2016.01.12 20:27:27.531,9.64134,9.64735,1.12,1.00
2016.01.12 20:27:32.491,9.64134,9.64743,1.12,1.00
2016.01.12 20:28:12.453,9.64135,9.64744,1.12,1.00
2016.01.12 20:28:17.083,9.64135,9.64707,1.12,1.00
2016.01.12 20:28:17.389,9.64135,9.64748,1.12,1.00
2016.01.12 20:28:17.909,9.64135,9.64746,1.12,1.00
2016.01.12 20:28:18.371,9.64135,9.64726,1.12,1.00
2016.01.12 20:28:18.912,9.64135,9.64717,1.12,1.00
2016.01.12 20:28:19.243,9.64135,9.64656,1.12,1.50
2016.01.12 20:28:22.601,9.64135,9.64656,1.12,1.50
2016.01.12 20:28:42.426,9.6414,9.64656,1.12,1.50
2016.01.12 20:28:46.451,9.6414,9.64656,1.12,1.50
2016.01.12 20:28:46.706,9.64125,9.64656,1.12,1.50
2016.01.12 20:28:49.677,9.64125,9.64646,1.12,1.00
2016.01.12 20:28:51.107,9.64125,9.64566,1.12,1.50
2016.01.12 20:28:51.209,9.64076,9.64566,1.12,1.50
2016.01.12 20:29:31.050,9.64076,9.64646,1.12,2.25
2016.01.12 20:29:36.420,9.64122,9.64646,1.12,1.50
2016.01.12 20:29:37.130,9.64122,9.64675,1.12,1.00
2016.01.12 20:29:37.389,9.64122,9.64686,1.12,1.00
2016.01.12 20:29:40.087,9.64122,9.64696,1.12,1.00
2016.01.12 20:29:51.136,9.64122,9.64712,1.12,1.00
2016.01.12 20:29:52.414,9.64122,9.64716,1.12,1.00
2016.01.12 20:29:56.455,9.64127,9.64696,1.45,1.00
2016.01.12 20:29:59.217,9.64127,9.64716,1.45,1.00
2016.01.12 20:29:59.716,9.64127,9.64717,1.82,1.00
2016.01.12 20:30:00.217,9.64164,9.64716,1.12,1.00
2016.01.12 20:30:01.358,9.64164,9.64717,1.12,1.00
2016.01.12 20:30:01.880,9.64164,9.64716,1.12,1.00
2016.01.12 20:30:02.416,9.64164,9.64656,1.12,1.50
2016.01.12 20:30:52.570,9.64164,9.64717,1.12,1.00
2016.01.12 20:30:52.621,9.64148,9.64736,1.12,1.50
2016.01.12 20:30:52.977,9.64136,9.64736,1.12,1.50
2016.01.12 20:31:08.950,9.64163,9.64736,1.12,1.50
2016.01.12 20:31:09.251,9.64193,9.64736,1.12,1.50
2016.01.12 20:31:43.943,9.64193,9.64778,1.12,1.00
2016.01.12 20:31:44.261,9.64193,9.64815,1.12,1.00
2016.01.12 20:31:52.425,9.64193,9.64809,1.12,1.00
2016.01.12 20:31:57.343,9.64193,9.64756,1.12,1.50
2016.01.12 20:32:57.360,9.64193,9.64784,1.12,1.00
2016.01.12 20:32:58.859,9.64193,9.64745,1.12,1.00
2016.01.12 20:33:11.975,9.64202,9.64792,1.12,1.00
2016.01.12 20:33:12.485,9.64202,9.64783,1.12,1.00
2016.01.12 20:33:19.421,9.64202,9.64748,1.12,1.00
2016.01.12 20:33:19.725,9.64202,9.64686,1.12,1.50
2016.01.12 20:33:54.680,9.64204,9.64686,1.12,1.50
2016.01.12 20:33:54.919,9.64256,9.64734,1.12,1.00
2016.01.12 20:33:58.180,9.64256,9.64772,1.12,1.00
2016.01.12 20:34:12.537,9.64256,9.64786,1.12,1.50
2016.01.12 20:34:22.831,9.64256,9.64753,1.12,1.00
2016.01.12 20:34:23.337,9.64256,9.64786,1.12,1.50
2016.01.12 20:34:40.223,9.64258,9.64786,1.12,1.50
2016.01.12 20:34:46.636,9.64309,9.64666,1.12,1.50
2016.01.12 20:34:46.847,9.64234,9.64666,1.12,1.50
2016.01.12 20:34:46.949,9.64226,9.64596,1.12,1.50
2016.01.12 20:34:47.184,9.64174,9.64596,1.12,1.50
2016.01.12 20:34:47.624,9.64163,9.64596,1.12,1.50
2016.01.12 20:35:12.391,9.64124,9.64596,1.37,1.50
2016.01.12 20:35:12.861,9.64144,9.64596,1.00,1.50
2016.01.12 20:35:20.688,9.64134,9.64596,1.07,1.50
2016.01.12 20:35:24.339,9.64094,9.64596,1.37,1.50
2016.01.12 20:35:24.390,9.64094,9.64596,1.00,1.50
2016.01.12 20:35:24.643,9.64094,9.64591,1.00,1.00
2016.01.12 20:35:24.982,9.64094,9.64571,1.00,1.00
2016.01.12 20:35:25.356,9.64094,9.64507,1.00,1.50
2016.01.12 20:35:27.402,9.64104,9.64507,1.00,1.50
2016.01.12 20:35:31.868,9.64094,9.64507,1.00,1.50
2016.01.12 20:35:34.203,9.64084,9.64507,1.07,1.50
2016.01.12 20:35:36.408,9.64094,9.64507,1.00,1.50
2016.01.12 20:35:37.962,9.64104,9.64507,1.00,1.50
2016.01.12 20:35:41.265,9.64114,9.64507,1.00,1.50
2016.01.12 20:35:42.954,9.64114,9.64571,1.00,1.00
2016.01.12 20:35:43.056,9.64114,9.64576,1.37,1.50
2016.01.12 20:36:13.076,9.64101,9.64516,1.12,1.50
2016.01.12 20:36:19.996,9.64064,9.64516,1.12,1.50
2016.01.12 20:36:20.048,9.64044,9.64516,1.12,1.50
2016.01.12 20:37:13.161,9.64044,9.6455,1.12,1.00
2016.01.12 20:37:32.495,9.64038,9.6457,1.12,1.00
2016.01.12 20:37:32.546,9.64038,9.64572,1.12,1.00
2016.01.12 20:37:52.475,9.64038,9.64576,1.12,1.00
2016.01.12 20:37:55.157,9.64038,9.64513,1.12,1.00
2016.01.12 20:37:55.266,9.64038,9.64582,1.12,1.00
2016.01.12 20:38:10.297,9.64038,9.64586,1.12,1.50
2016.01.12 20:38:14.693,9.6406,9.64586,1.12,1.50
2016.01.12 20:38:15.247,9.64086,9.64586,1.12,1.50
2016.01.12 20:38:37.398,9.64101,9.64586,1.12,1.50
2016.01.12 20:38:39.287,9.64101,9.64653,1.12,1.00
2016.01.12 20:38:39.338,9.64101,9.64666,1.12,1.50
2016.01.12 20:38:39.760,9.64101,9.64656,1.12,1.00
2016.01.12 20:38:41.162,9.64101,9.64666,1.12,1.50
2016.01.12 20:39:10.984,9.64123,9.64666,1.12,1.50
2016.01.12 20:39:11.255,9.64152,9.64703,1.12,1.00
2016.01.12 20:39:11.306,9.64152,9.64754,1.12,1.00
2016.01.12 20:39:12.476,9.64152,9.64747,1.12,1.00
2016.01.12 20:39:26.449,9.64249,9.64747,1.12,1.00
2016.01.12 20:39:30.522,9.64249,9.64767,1.12,1.00
2016.01.12 20:39:30.573,9.64249,9.64785,1.12,1.00
2016.01.12 20:39:32.430,9.64249,9.64778,1.12,1.00
2016.01.12 20:39:52.470,9.64249,9.64779,1.12,1.00
2016.01.12 20:40:08.235,9.64249,9.64731,1.12,1.00
2016.01.12 20:40:08.612,9.64202,9.64731,1.12,1.00
2016.01.12 20:40:08.806,9.64202,9.64716,1.12,1.50
2016.01.12 20:40:38.430,9.64202,9.64702,1.12,1.00
2016.01.12 20:40:47.612,9.64202,9.64616,1.12,1.50
2016.01.12 20:40:47.664,9.64175,9.64616,1.12,1.50
2016.01.12 20:40:47.715,9.64148,9.64616,1.12,1.50
2016.01.12 20:41:02.646,9.64148,9.64655,1.12,1.00
2016.01.12 20:41:02.800,9.64148,9.64687,1.12,1.50
2016.01.12 20:41:06.810,9.64155,9.64687,1.12,1.50
2016.01.12 20:41:32.909,9.64197,9.64616,1.12,1.50
2016.01.12 20:41:43.333,9.64145,9.64616,1.12,1.50
2016.01.12 20:42:01.491,9.64145,9.64658,1.12,1.00
2016.01.12 20:42:01.647,9.64145,9.64696,1.12,1.50
2016.01.12 20:42:10.122,9.64145,9.64685,1.12,1.00
2016.01.12 20:42:10.439,9.64145,9.64666,1.12,1.00
2016.01.12 20:42:15.381,9.64145,9.64606,1.12,1.50
2016.01.12 20:42:44.250,9.64156,9.64606,1.12,1.50
2016.01.12 20:42:45.448,9.64208,9.64697,1.12,1.00
2016.01.12 20:42:46.349,9.6421,9.64717,1.12,1.00
2016.01.12 20:42:46.400,9.64252,9.64738,1.12,1.00
2016.01.12 20:43:03.343,9.64252,9.64646,1.12,1.50
2016.01.12 20:43:03.394,9.64226,9.64646,1.12,1.50
2016.01.12 20:43:03.445,9.64204,9.64646,1.12,1.50
2016.01.12 20:43:14.312,9.64204,9.64683,1.12,1.00
2016.01.12 20:43:15.972,9.64204,9.64722,1.12,1.00
2016.01.12 20:43:25.343,9.64204,9.64703,1.12,1.00
2016.01.12 20:43:25.657,9.64204,9.64683,1.12,1.00
2016.01.12 20:43:30.625,9.64204,9.64703,1.12,1.00
2016.01.12 20:43:30.676,9.64204,9.64722,1.12,1.00
2016.01.12 20:43:32.434,9.64204,9.64712,1.12,1.00
2016.01.12 20:43:38.402,9.64226,9.64712,1.12,1.00
2016.01.12 20:43:38.804,9.64253,9.64712,1.12,1.00
2016.01.12 20:43:43.325,9.64205,9.64712,1.12,1.00
2016.01.12 20:43:43.578,9.64205,9.64674,1.12,1.00
2016.01.12 20:43:44.487,9.64205,9.64647,1.12,1.50
2016.01.12 20:44:13.501,9.64205,9.64672,1.12,1.00
2016.01.12 20:44:16.463,9.64205,9.64717,1.12,1.50
2016.01.12 20:44:18.587,9.64205,9.64719,1.12,1.00
2016.01.12 20:44:18.740,9.64205,9.64739,1.12,1.00
2016.01.12 20:44:18.791,9.64205,9.64757,1.12,1.00
2016.01.12 20:44:24.375,9.64205,9.64756,1.12,1.00
2016.01.12 20:44:26.361,9.64205,9.64746,1.12,1.00
2016.01.12 20:44:26.733,9.64205,9.64717,1.12,1.00
2016.01.12 20:44:32.471,9.64205,9.64736,1.12,1.00
2016.01.12 20:44:35.788,9.64207,9.64736,1.12,1.00
2016.01.12 20:44:41.600,9.64261,9.64716,1.12,1.00
2016.01.12 20:44:57.879,9.64261,9.64697,1.12,1.00
2016.01.12 20:45:00.720,9.64261,9.64716,1.12,1.00
2016.01.12 20:45:03.683,9.64261,9.64736,1.12,1.00
2016.01.12 20:45:06.777,9.64261,9.64737,1.12,1.00
2016.01.12 20:45:09.653,9.64261,9.64758,1.12,1.00
2016.01.12 20:45:09.704,9.64261,9.64766,1.12,1.00
2016.01.12 20:45:09.921,9.64271,9.64774,1.12,1.00
2016.01.12 20:45:09.973,9.64271,9.64863,1.12,1.00
2016.01.12 20:45:10.109,9.64274,9.64908,1.82,1.00
2016.01.12 20:45:10.160,9.6432,9.64908,1.12,1.00
2016.01.12 20:45:10.503,9.64365,9.64908,1.12,1.00
2016.01.12 20:45:32.541,9.64365,9.64892,1.12,1.00
2016.01.12 20:45:43.067,9.64365,9.64846,1.12,1.50
2016.01.12 20:45:46.423,9.64365,9.64835,1.12,1.00
2016.01.12 20:45:46.524,9.64338,9.64835,1.12,1.00
2016.01.12 20:45:46.575,9.64318,9.64835,1.12,1.00
2016.01.12 20:45:54.261,9.64265,9.64769,1.12,1.00
2016.01.12 20:45:54.480,9.64265,9.64808,1.12,1.00
2016.01.12 20:45:55.068,9.64265,9.64756,1.12,1.50
2016.01.12 20:46:37.036,9.64204,9.64756,1.12,1.50
2016.01.12 20:46:51.252,9.64255,9.64756,1.12,1.50
2016.01.12 20:46:54.077,9.64255,9.64738,1.12,1.37
2016.01.12 20:46:54.237,9.64136,9.64527,1.12,1.12
2016.01.12 20:46:54.288,9.64112,9.64527,1.12,1.12
2016.01.12 20:46:54.340,9.64094,9.64527,1.45,1.12
2016.01.12 20:46:54.441,9.64094,9.64527,1.07,1.12
2016.01.12 20:46:54.775,9.64074,9.64519,1.00,1.12
2016.01.12 20:46:54.826,9.64053,9.64519,1.12,1.12
2016.01.12 20:46:58.927,9.64004,9.64519,1.45,1.12
2016.01.12 20:47:00.587,9.64002,9.64476,1.45,1.00
2016.01.12 20:47:02.695,9.64002,9.64456,1.45,1.00
2016.01.12 20:47:03.793,9.64002,9.64446,1.45,1.00
2016.01.12 20:47:06.604,9.64002,9.64436,1.45,1.00
2016.01.12 20:47:10.715,9.64002,9.64416,1.45,1.00
2016.01.12 20:47:16.447,9.64002,9.64416,1.07,1.00
2016.01.12 20:47:20.743,9.64002,9.64426,1.07,1.00
2016.01.12 20:47:30.103,9.64002,9.64426,1.15,1.00
2016.01.12 20:47:30.503,9.64002,9.64426,1.45,1.00
2016.01.12 20:47:36.984,9.64002,9.64436,1.45,1.00
2016.01.12 20:47:52.938,9.64002,9.64416,1.45,1.00
2016.01.12 20:48:01.275,9.63974,9.64416,1.45,1.00
2016.01.12 20:48:02.992,9.63974,9.64426,1.45,1.00
2016.01.12 20:48:03.677,9.63984,9.64436,1.37,1.50
2016.01.12 20:48:14.129,9.64004,9.64436,1.00,1.50
2016.01.12 20:48:23.361,9.64014,9.64436,1.00,1.50
2016.01.12 20:48:31.597,9.64024,9.64436,1.00,1.50
2016.01.12 20:48:33.636,9.64014,9.64436,1.00,1.50
2016.01.12 20:48:33.738,9.64004,9.64436,1.00,1.50
2016.01.12 20:48:41.396,9.63994,9.64436,1.00,1.50
2016.01.12 20:48:41.650,9.63984,9.64436,1.00,1.50
2016.01.12 20:48:43.426,9.63994,9.64436,1.00,1.50
2016.01.12 20:48:49.476,9.63984,9.64436,1.00,1.50
2016.01.12 20:48:50.246,9.63974,9.64436,1.00,1.50
2016.01.12 20:48:53.291,9.63984,9.64436,1.00,2.25
2016.01.12 20:48:58.881,9.63974,9.64436,1.00,2.25
2016.01.12 20:48:59.265,9.63964,9.64436,1.00,2.25
2016.01.12 20:49:00.855,9.63964,9.64426,1.00,1.00
2016.01.12 20:49:04.276,9.63954,9.64426,1.10,1.00
2016.01.12 20:49:06.646,9.63954,9.64406,1.10,1.00
2016.01.12 20:49:07.355,9.63964,9.64406,1.00,1.00
2016.01.12 20:49:08.930,9.63964,9.64407,1.00,1.00
2016.01.12 20:49:09.142,9.63944,9.64407,1.07,1.00
2016.01.12 20:49:28.095,9.63954,9.64406,1.10,1.00
2016.01.12 20:49:36.678,9.63944,9.64396,1.07,1.00
2016.01.12 20:49:42.825,9.63964,9.64416,1.00,1.00
2016.01.12 20:49:43.787,9.63974,9.64416,1.00,1.00
2016.01.12 20:49:57.642,9.63953,9.64416,1.07,1.00
2016.01.12 20:49:58.060,9.63964,9.64416,1.00,1.00
2016.01.12 20:49:59.705,9.63974,9.64416,1.00,1.00
2016.01.12 20:50:00.526,9.63974,9.64417,1.00,1.00
2016.01.12 20:50:00.627,9.63974,9.64436,1.00,1.00
2016.01.12 20:50:03.005,9.63984,9.64436,1.00,1.00
2016.01.12 20:50:04.265,9.63974,9.64436,1.00,1.00
2016.01.12 20:50:04.367,9.63984,9.64436,1.00,1.00
2016.01.12 20:50:05.206,9.63994,9.64436,1.00,1.00
2016.01.12 20:50:05.358,9.63916,9.64446,1.45,1.37
2016.01.12 20:50:05.580,9.63879,9.64446,1.75,1.45
2016.01.12 20:50:05.631,9.63879,9.64446,1.45,1.45
2016.01.12 20:50:07.679,9.63863,9.64406,1.12,1.00
2016.01.12 20:50:08.646,9.63863,9.64386,1.12,1.00
2016.01.12 20:50:09.348,9.63863,9.64377,1.12,1.00
2016.01.12 20:50:19.366,9.63863,9.64366,1.12,1.00
2016.01.12 20:50:21.786,9.63863,9.64386,1.12,1.00
2016.01.12 20:50:22.076,9.63863,9.64376,1.12,1.00
2016.01.12 20:50:22.342,9.63836,9.64376,1.45,1.00
2016.01.12 20:50:22.726,9.63836,9.64356,1.45,1.50
2016.01.12 20:50:26.915,9.63805,9.64356,1.12,1.50
2016.01.12 20:50:26.966,9.63797,9.64356,1.45,1.50
2016.01.12 20:50:27.609,9.63797,9.64346,1.45,1.00
2016.01.12 20:50:28.791,9.63797,9.64326,1.45,1.00
2016.01.12 20:50:33.942,9.63797,9.64356,1.45,1.50
2016.01.12 20:50:33.993,9.63797,9.64356,1.82,1.50
2016.01.12 20:50:35.519,9.63831,9.64356,1.12,1.50
2016.01.12 20:50:49.906,9.6391,9.64356,1.12,1.50
2016.01.12 20:50:55.779,9.63924,9.64356,1.12,1.50
2016.01.12 20:50:55.830,9.63906,9.64356,1.12,1.50
2016.01.12 20:51:00.517,9.63939,9.64356,1.12,1.50
2016.01.12 20:51:12.073,9.63939,9.64376,1.12,1.00
2016.01.12 20:51:12.125,9.63939,9.64386,1.12,1.00
2016.01.12 20:51:12.632,9.63939,9.64387,1.12,1.00
2016.01.12 20:51:13.736,9.63939,9.64376,1.12,1.00
2016.01.12 20:51:15.427,9.63939,9.64386,1.12,1.00
2016.01.12 20:51:17.148,9.63939,9.64396,1.12,2.25
2016.01.12 20:51:22.727,9.63897,9.64396,1.12,2.25
2016.01.12 20:51:23.152,9.63897,9.64376,1.12,1.00
2016.01.12 20:51:23.456,9.63897,9.64356,1.12,1.00
2016.01.12 20:51:23.888,9.63897,9.64346,1.12,1.00
2016.01.12 20:51:24.391,9.63897,9.64326,1.12,1.00
2016.01.12 20:51:25.359,9.63897,9.64306,1.12,1.00
2016.01.12 20:51:26.104,9.63897,9.64297,1.12,1.00
2016.01.12 20:51:29.705,9.63897,9.64306,1.12,1.00
2016.01.12 20:51:30.677,9.63897,9.64296,1.12,1.00
2016.01.12 20:51:33.379,9.63897,9.64306,1.12,1.00
2016.01.12 20:51:45.844,9.63897,9.64296,1.12,1.00
2016.01.12 20:51:51.930,9.63897,9.64286,1.12,1.00
2016.01.12 20:52:01.949,9.63897,9.64276,1.12,1.00
2016.01.12 20:52:17.913,9.63896,9.64276,1.12,1.00
2016.01.12 20:52:27.496,9.63896,9.64266,1.12,1.00
2016.01.12 20:52:36.502,9.63846,9.64266,1.12,1.00
2016.01.12 20:52:51.052,9.63846,9.64276,1.12,1.00
2016.01.12 20:52:58.260,9.63846,9.64256,1.12,1.00
2016.01.12 20:53:05.520,9.63846,9.64246,1.12,1.00
2016.01.12 20:53:11.694,9.63815,9.64246,1.45,1.00
2016.01.12 20:53:20.728,9.63812,9.64266,1.45,1.00
2016.01.12 20:53:26.148,9.63812,9.64256,1.45,1.00
2016.01.12 20:53:26.649,9.63806,9.64226,1.12,1.00
2016.01.12 20:53:27.002,9.63771,9.64226,1.45,1.00
2016.01.12 20:53:27.352,9.63765,9.64196,1.12,1.00
2016.01.12 20:53:27.554,9.63729,9.64196,1.00,1.00
2016.01.12 20:53:27.657,9.63729,9.64226,1.00,1.45
2016.01.12 20:53:27.758,9.63647,9.64227,1.00,1.45
2016.01.12 20:53:27.860,9.63603,9.64206,1.00,1.57
2016.01.12 20:53:27.962,9.63544,9.64127,1.00,1.50
2016.01.12 20:53:28.063,9.63489,9.64123,1.00,1.00
2016.01.12 20:53:28.165,9.63489,9.64037,1.00,1.50
2016.01.12 20:53:28.262,9.63431,9.6402,1.12,1.00
2016.01.12 20:53:34.903,9.63386,9.6402,1.07,1.00
2016.01.12 20:53:35.281,9.63344,9.63978,1.75,1.00
2016.01.12 20:53:35.332,9.63344,9.63978,1.00,1.00
2016.01.12 20:53:39.760,9.63305,9.63939,1.00,1.00
2016.01.12 20:53:41.489,9.63352,9.63926,1.00,1.50
2016.01.12 20:53:41.591,9.63294,9.63926,1.00,1.50
2016.01.12 20:53:41.693,9.63318,9.63926,1.00,1.50
2016.01.12 20:53:41.877,9.63252,9.63886,1.45,1.00
2016.01.12 20:53:42.462,9.63252,9.63806,1.45,1.50
2016.01.12 20:53:42.773,9.63239,9.63841,1.12,1.00
2016.01.12 20:53:42.969,9.63246,9.63857,1.45,1.50
2016.01.12 20:53:43.020,9.63261,9.63857,1.12,1.50
2016.01.12 20:53:43.325,9.63301,9.63857,1.12,1.50
2016.01.12 20:53:43.630,9.63356,9.63857,1.12,1.50
2016.01.12 20:53:44.704,9.63347,9.63857,1.12,1.50
2016.01.12 20:53:46.870,9.63347,9.63914,1.12,1.00
2016.01.12 20:53:47.075,9.63347,9.63956,1.12,1.50
2016.01.12 20:53:47.177,9.63347,9.6394,1.12,1.00
2016.01.12 20:53:47.482,9.634,9.63989,1.12,1.00
2016.01.12 20:53:52.515,9.634,9.63984,1.12,1.00
2016.01.12 20:53:58.528,9.63403,9.64037,1.45,1.00
2016.01.12 20:53:58.678,9.63403,9.64018,1.45,1.00
2016.01.12 20:53:59.028,9.634,9.63998,1.12,1.00
2016.01.12 20:53:59.904,9.63404,9.64038,1.45,1.00
2016.01.12 20:54:00.486,9.634,9.64001,1.12,1.00
2016.01.12 20:54:01.003,9.63404,9.64038,1.45,1.00
2016.01.12 20:54:03.423,9.634,9.64001,1.12,1.00
2016.01.12 20:54:03.525,9.63405,9.64039,1.45,1.00
2016.01.12 20:54:08.014,9.63453,9.64039,1.12,1.00
2016.01.12 20:54:08.364,9.63453,9.64002,1.12,1.00
2016.01.12 20:54:08.616,9.63453,9.6404,1.12,1.00
2016.01.12 20:54:08.718,9.63453,9.64002,1.12,1.00
2016.01.12 20:54:09.230,9.63453,9.64039,1.12,1.00
2016.01.12 20:54:09.518,9.63453,9.64002,1.12,1.00
2016.01.12 20:54:09.620,9.63453,9.64041,1.12,1.00
2016.01.12 20:54:09.721,9.63453,9.64002,1.12,1.00
2016.01.12 20:54:10.106,9.63453,9.6404,1.12,1.00
2016.01.12 20:54:10.208,9.63453,9.64003,1.12,1.00
2016.01.12 20:54:10.806,9.63453,9.6404,1.12,1.00
2016.01.12 20:54:12.528,9.63453,9.64037,1.12,1.00
2016.01.12 20:54:16.998,9.63453,9.64015,1.12,1.00
2016.01.12 20:54:17.345,9.63453,9.63996,1.12,1.00
2016.01.12 20:54:21.565,9.63453,9.64042,1.12,1.00
2016.01.12 20:54:21.815,9.63453,9.64025,1.12,1.00
2016.01.12 20:54:22.122,9.63453,9.64005,1.12,1.00
2016.01.12 20:54:25.339,9.63398,9.64005,1.12,1.00
2016.01.12 20:54:25.430,9.63376,9.64005,1.12,1.00
2016.01.12 20:54:25.643,9.63378,9.64005,1.12,1.00
2016.01.12 20:54:31.290,9.63444,9.63976,1.12,1.50
2016.01.12 20:54:32.269,9.63444,9.64005,1.12,1.00
2016.01.12 20:54:32.472,9.63444,9.63984,1.12,1.00
2016.01.12 20:54:50.830,9.63385,9.63984,1.12,1.00
2016.01.12 20:54:50.931,9.63365,9.63984,1.12,1.00
2016.01.12 20:54:51.186,9.6335,9.63984,1.37,1.00
2016.01.12 20:54:51.237,9.6335,9.63984,1.00,1.00
2016.01.12 20:54:52.474,9.6335,9.63974,1.00,1.00
2016.01.12 20:54:52.525,9.6332,9.63954,1.00,1.00
2016.01.12 20:55:03.491,9.63337,9.63954,1.00,1.00
2016.01.12 20:55:03.542,9.63358,9.63992,1.00,1.00
2016.01.12 20:55:03.695,9.63358,9.63973,1.00,1.00
2016.01.12 20:55:03.746,9.63319,9.63953,1.00,1.00
2016.01.12 20:55:03.797,9.63343,9.63953,1.00,1.00
2016.01.12 20:55:03.863,9.63363,9.63997,1.00,1.00
2016.01.12 20:55:03.915,9.63317,9.63951,1.00,1.00
2016.01.12 20:55:04.228,9.63362,9.63996,1.00,1.00
2016.01.12 20:55:04.533,9.63403,9.64037,1.00,1.00
2016.01.12 20:55:10.737,9.63383,9.64,1.00,1.00
2016.01.12 20:55:10.788,9.63366,9.64,1.00,1.00
2016.01.12 20:55:32.355,9.6337,9.64004,1.00,1.00
2016.01.12 20:55:52.512,9.63368,9.64002,1.00,1.00
2016.01.12 20:56:12.452,9.6338,9.64014,1.00,1.00
2016.01.12 20:56:32.491,9.63368,9.64004,1.00,1.00
2016.01.12 20:56:52.480,9.63366,9.64,1.00,1.00
2016.01.12 20:57:00.394,9.63366,9.63797,1.00,1.00
2016.01.12 20:57:00.497,9.63185,9.63719,1.00,1.12
2016.01.12 20:57:00.599,9.63154,9.63719,1.50,1.12
2016.01.12 20:57:00.651,9.63154,9.63781,1.50,1.75
2016.01.12 20:57:00.702,9.63154,9.63723,1.50,1.00
2016.01.12 20:57:00.804,9.63089,9.63723,1.00,1.00
2016.01.12 20:57:00.855,9.63089,9.63693,1.00,1.07
2016.01.12 20:57:00.906,9.63054,9.63672,1.50,1.00
2016.01.12 20:57:01.433,9.63054,9.63672,1.50,1.37
2016.01.12 20:57:01.767,9.62967,9.63601,1.00,1.00
2016.01.12 20:57:01.869,9.62888,9.63522,1.00,1.00
2016.01.12 20:57:02.175,9.63049,9.63641,1.00,1.00
2016.01.12 20:57:02.479,9.63058,9.63678,1.00,1.45
2016.01.12 20:57:02.784,9.63101,9.6363,1.00,1.12
2016.01.12 20:57:04.406,9.63101,9.63649,1.00,1.12
2016.01.12 20:57:04.458,9.63101,9.63668,1.00,1.12
2016.01.12 20:57:04.510,9.63083,9.63668,1.50,1.12
2016.01.12 20:57:05.143,9.63083,9.63678,1.50,1.45
2016.01.12 20:57:05.198,9.63083,9.63678,1.50,1.07
2016.01.12 20:57:08.319,9.63083,9.63715,2.25,1.75
2016.01.12 20:57:08.422,9.63083,9.63715,2.25,1.37
2016.01.12 20:57:30.450,9.63083,9.63685,1.50,1.00
2016.01.12 20:57:30.951,9.63083,9.63665,1.50,1.00
2016.01.12 20:57:32.508,9.63083,9.63683,1.50,1.00
2016.01.12 20:57:34.647,9.63049,9.63676,1.00,1.50
2016.01.12 20:57:34.760,9.63049,9.63666,1.00,1.00
2016.01.12 20:57:34.811,9.63011,9.63647,1.00,1.00
2016.01.12 20:57:35.070,9.63044,9.63647,1.00,1.00
2016.01.12 20:57:35.569,9.63011,9.63647,1.00,1.00
2016.01.12 20:57:35.671,9.63044,9.63647,1.00,1.00
2016.01.12 20:57:36.271,9.63011,9.63647,1.00,1.00
2016.01.12 20:57:36.472,9.63044,9.63647,1.00,1.00
2016.01.12 20:57:37.401,9.63011,9.63647,1.00,1.00
2016.01.12 20:57:37.722,9.63044,9.63647,1.00,1.00
2016.01.12 20:57:39.413,9.63011,9.63647,1.00,1.00
2016.01.12 20:57:41.461,9.63036,9.63647,1.00,1.00
2016.01.12 20:57:41.527,9.63056,9.63676,1.00,1.50
2016.01.12 20:57:41.730,9.63074,9.6369,1.50,1.00
2016.01.12 20:57:42.341,9.63074,9.63664,1.50,1.00
2016.01.12 20:57:42.671,9.63074,9.63644,1.50,1.00
2016.01.12 20:57:52.511,9.63074,9.63679,1.50,1.00
2016.01.12 20:57:53.014,9.63074,9.63734,1.50,1.12
2016.01.12 20:57:56.851,9.63074,9.63679,1.50,1.00
2016.01.12 20:58:11.104,9.63045,9.6364,1.00,1.00
2016.01.12 20:58:11.155,9.62986,9.6362,1.00,1.00
2016.01.12 20:58:12.407,9.62986,9.63585,1.00,1.00
2016.01.12 20:58:12.458,9.6293,9.63564,1.00,1.00
2016.01.12 20:58:13.918,9.62958,9.63564,1.00,1.00
2016.01.12 20:58:14.004,9.62978,9.63612,1.00,1.00
2016.01.12 20:58:30.462,9.62978,9.63595,1.00,1.00
2016.01.12 20:58:30.512,9.62941,9.63575,1.00,1.00
2016.01.12 20:58:32.493,9.6295,9.63584,1.00,1.00
2016.01.12 20:58:52.404,9.62961,9.63597,1.00,1.00
2016.01.12 20:58:56.418,9.62924,9.63558,1.00,1.00
2016.01.12 20:59:12.494,9.6294,9.63574,0.75,0.75
2016.01.12 20:59:20.428,9.62983,9.63594,0.75,0.75
2016.01.12 20:59:20.479,9.62983,9.63617,0.75,0.75
2016.01.12 20:59:23.499,9.62963,9.63576,0.75,0.75
2016.01.12 20:59:23.600,9.62979,9.63596,0.75,0.75
2016.01.12 20:59:23.702,9.62979,9.63613,0.75,0.75
2016.01.12 20:59:32.440,9.62983,9.63617,0.75,0.75
2016.01.12 20:59:35.347,9.63014,9.63617,1.50,0.75
2016.01.12 20:59:35.448,9.63033,9.63667,0.75,0.75
2016.01.12 20:59:35.601,9.63033,9.63642,0.75,0.75
2016.01.12 20:59:35.652,9.62988,9.63622,0.75,0.75
2016.01.12 20:59:52.478,9.62974,9.63608,0.75,0.75
