2012.01.16 16:00:00.382,7.66988,7.6724,1.35,1.56
2012.01.16 16:00:01.561,7.66988,7.67246,1.35,2.31
2012.01.16 16:00:02.768,7.66988,7.6726,1.35,3.06
2012.01.16 16:00:03.228,7.66988,7.6726,1.35,3.06
2012.01.16 16:00:03.656,7.66988,7.6726,1.35,3.06
2012.01.16 16:00:03.949,7.66988,7.6726,1.35,3.06
2012.01.16 16:00:06.649,7.66993,7.6726,2.48,1.56
2012.01.16 16:00:07.712,7.66988,7.67259,1.35,2.31
2012.01.16 16:00:09.424,7.66988,7.67258,1.35,2.31
2012.01.16 16:00:10.098,7.66991,7.67262,2.48,1.56
2012.01.16 16:00:10.301,7.66999,7.67262,1.50,1.56
2012.01.16 16:00:11.452,7.66999,7.67262,1.50,1.56
2012.01.16 16:00:14.441,7.66991,7.67262,2.48,1.56
2012.01.16 16:00:15.846,7.67002,7.67262,1.50,1.56
2012.01.16 16:00:19.648,7.67002,7.67262,1.50,1.56
2012.01.16 16:00:20.002,7.67002,7.67262,1.50,1.56
2012.01.16 16:00:22.448,7.66988,7.67262,2.85,1.56
2012.01.16 16:00:30.044,7.66998,7.67262,1.50,1.56
2012.01.16 16:00:30.823,7.66999,7.67262,1.50,1.56
2012.01.16 16:00:34.013,7.67008,7.67262,1.50,1.56
2012.01.16 16:00:34.333,7.67016,7.67262,1.50,1.56
2012.01.16 16:00:39.787,7.67007,7.67265,1.50,1.56
2012.01.16 16:00:49.917,7.67007,7.67265,1.50,1.56
2012.01.16 16:00:49.988,7.66996,7.67265,2.10,1.56
2012.01.16 16:00:52.966,7.66996,7.67265,1.50,1.56
2012.01.16 16:00:53.119,7.66996,7.67223,2.25,1.18
2012.01.16 16:00:53.310,7.67025,7.67243,2.25,1.56
2012.01.16 16:01:14.752,7.67047,7.67242,1.45,1.50
2012.01.16 16:01:22.214,7.67047,7.67273,1.45,1.50
2012.01.16 16:01:23.989,7.67047,7.67243,1.45,1.50
2012.01.16 16:01:24.740,7.67047,7.67233,1.45,1.50
2012.01.16 16:01:25.940,7.67017,7.67233,2.20,1.50
2012.01.16 16:01:28.042,7.67017,7.67233,2.20,1.50
2012.01.16 16:01:29.383,7.67017,7.67233,2.20,1.50
2012.01.16 16:01:32.403,7.67037,7.67233,1.50,1.50
2012.01.16 16:01:33.159,7.67018,7.67232,1.50,1.50
2012.01.16 16:01:36.375,7.67037,7.67233,1.50,1.50
2012.01.16 16:01:37.530,7.67017,7.67233,2.20,1.50
2012.01.16 16:01:39.418,7.67027,7.67233,1.50,1.50
2012.01.16 16:01:40.131,7.67027,7.67253,1.50,1.56
2012.01.16 16:01:43.894,7.67038,7.67232,1.50,1.50
2012.01.16 16:01:44.928,7.67007,7.67223,2.20,1.50
2012.01.16 16:01:57.189,7.67038,7.67232,1.50,1.50
2012.01.16 16:01:58.207,7.67028,7.67232,1.50,1.50
2012.01.16 16:02:06.108,7.67037,7.67233,1.50,1.50
2012.01.16 16:02:07.871,7.67027,7.67223,1.50,1.13
2012.01.16 16:02:09.898,7.67021,7.67262,2.25,1.56
2012.01.16 16:02:12.648,7.67028,7.67272,1.50,1.56
2012.01.16 16:02:16.299,7.67037,7.67243,1.50,1.50
2012.01.16 16:02:16.881,7.67028,7.67272,1.50,1.56
2012.01.16 16:02:18.891,7.67028,7.67242,1.50,1.50
2012.01.16 16:03:27.910,7.67037,7.67233,1.50,1.50
2012.01.16 16:04:02.157,7.67018,7.67212,1.50,1.50
2012.01.16 16:04:03.597,7.67005,7.67199,1.50,1.13
2012.01.16 16:04:03.737,7.67005,7.67193,1.50,1.13
2012.01.16 16:04:04.220,7.66993,7.67193,1.50,1.18
2012.01.16 16:04:04.289,7.66993,7.67163,1.50,1.13
2012.01.16 16:04:04.417,7.66993,7.67158,1.50,1.13
2012.01.16 16:04:04.740,7.6696,7.67158,2.25,1.13
2012.01.16 16:04:05.138,7.6695,7.67158,2.25,1.13
2012.01.16 16:04:05.207,7.6695,7.67152,2.25,1.13
2012.01.16 16:04:06.629,7.6695,7.67152,2.25,1.13
2012.01.16 16:04:07.629,7.6695,7.67152,2.25,1.13
2012.01.16 16:04:08.574,7.6695,7.67152,2.25,1.13
2012.01.16 16:04:10.226,7.6695,7.67152,2.25,1.13
2012.01.16 16:04:10.336,7.6695,7.67152,2.25,1.13
2012.01.16 16:04:19.462,7.6695,7.67127,2.25,1.13
2012.01.16 16:04:19.531,7.6695,7.67163,2.25,1.50
2012.01.16 16:04:34.780,7.66918,7.67161,1.50,2.16
2012.01.16 16:04:36.853,7.66937,7.67192,1.45,3.06
2012.01.16 16:04:36.919,7.66937,7.67193,1.45,2.31
2012.01.16 16:04:38.599,7.66942,7.67193,1.13,2.31
2012.01.16 16:04:38.987,7.66942,7.67176,1.13,2.25
2012.01.16 16:04:39.364,7.66942,7.67176,1.13,3.06
2012.01.16 16:04:39.938,7.66938,7.67152,1.50,1.50
2012.01.16 16:04:59.186,7.66958,7.67152,1.50,1.50
2012.01.16 16:05:06.545,7.66931,7.67191,1.50,2.31
2012.01.16 16:05:06.791,7.66948,7.67202,1.50,1.41
2012.01.16 16:05:08.910,7.66978,7.67202,1.50,1.41
2012.01.16 16:05:09.444,7.66946,7.67182,1.50,1.56
2012.01.16 16:05:09.791,7.66948,7.67163,1.50,1.56
2012.01.16 16:05:10.458,7.66936,7.67152,2.25,1.56
2012.01.16 16:05:26.437,7.66944,7.67163,2.25,1.18
2012.01.16 16:05:37.179,7.66997,7.67182,1.45,1.50
2012.01.16 16:05:39.379,7.66997,7.67182,1.45,1.50
2012.01.16 16:05:39.688,7.66997,7.67192,1.45,1.50
2012.01.16 16:06:06.849,7.66997,7.67182,1.45,1.50
2012.01.16 16:06:07.756,7.66997,7.67173,1.45,1.13
2012.01.16 16:06:07.978,7.66997,7.67193,1.45,1.50
2012.01.16 16:06:08.109,7.66997,7.67193,1.45,1.50
2012.01.16 16:06:18.203,7.66997,7.67172,1.45,1.50
2012.01.16 16:06:18.507,7.66968,7.67172,1.45,1.50
2012.01.16 16:06:21.138,7.66968,7.67143,1.45,1.50
2012.01.16 16:06:21.488,7.66968,7.67132,1.45,1.13
2012.01.16 16:06:22.569,7.66968,7.67132,1.45,1.13
2012.01.16 16:06:23.451,7.66968,7.67143,1.45,1.50
2012.01.16 16:06:24.010,7.66968,7.67142,1.45,1.50
2012.01.16 16:06:24.381,7.66948,7.67142,1.45,1.50
2012.01.16 16:06:32.517,7.66928,7.67132,1.50,1.50
2012.01.16 16:06:32.829,7.66921,7.67122,2.25,1.50
2012.01.16 16:06:32.958,7.66921,7.67102,2.25,1.50
2012.01.16 16:06:33.645,7.66887,7.6709,1.50,1.56
2012.01.16 16:06:33.724,7.66857,7.67078,2.25,2.16
2012.01.16 16:06:34.438,7.66888,7.67078,1.45,2.10
2012.01.16 16:06:34.508,7.66888,7.67078,1.45,2.25
2012.01.16 16:06:34.828,7.66868,7.67113,1.45,1.18
2012.01.16 16:06:36.030,7.66868,7.67113,1.45,1.18
2012.01.16 16:06:37.687,7.66868,7.67113,1.45,1.18
2012.01.16 16:06:38.557,7.66868,7.67113,1.45,1.18
2012.01.16 16:06:42.188,7.66868,7.67113,1.45,1.18
2012.01.16 16:06:43.835,7.66948,7.67097,1.45,1.13
2012.01.16 16:06:44.029,7.66948,7.67133,1.45,1.50
2012.01.16 16:06:44.448,7.66948,7.67172,1.45,1.50
2012.01.16 16:06:45.481,7.66948,7.67163,1.45,1.13
2012.01.16 16:06:45.830,7.66948,7.6719,1.45,2.25
2012.01.16 16:06:46.020,7.66959,7.67192,2.25,1.56
2012.01.16 16:06:50.508,7.67047,7.67193,1.45,1.50
2012.01.16 16:06:50.822,7.67047,7.67218,1.45,1.13
2012.01.16 16:06:50.950,7.67047,7.67218,1.45,1.13
2012.01.16 16:06:54.579,7.67047,7.67218,1.45,1.13
2012.01.16 16:07:03.138,7.67047,7.67218,1.45,1.13
2012.01.16 16:07:03.272,7.67047,7.67222,1.45,1.13
2012.01.16 16:07:03.578,7.67108,7.67247,1.45,1.13
2012.01.16 16:07:04.429,7.67108,7.67252,1.45,1.50
2012.01.16 16:07:06.998,7.67108,7.67282,1.45,1.50
2012.01.16 16:07:18.910,7.67047,7.67233,1.45,1.50
2012.01.16 16:07:33.907,7.67027,7.67223,1.50,1.56
2012.01.16 16:07:33.978,7.67008,7.672,2.10,1.56
2012.01.16 16:07:34.049,7.67008,7.67177,1.50,1.41
2012.01.16 16:07:34.120,7.66968,7.67177,1.13,1.41
2012.01.16 16:07:34.188,7.66958,7.6717,1.50,1.41
2012.01.16 16:07:34.378,7.66968,7.6717,1.08,1.35
2012.01.16 16:07:34.580,7.66967,7.6718,1.68,1.50
2012.01.16 16:07:34.651,7.66967,7.67223,3.18,1.56
2012.01.16 16:07:34.973,7.66969,7.67243,1.35,3.06
2012.01.16 16:07:35.608,7.66969,7.67243,1.35,3.06
2012.01.16 16:07:36.611,7.66969,7.67243,1.35,3.06
2012.01.16 16:07:37.158,7.66967,7.67243,3.18,3.06
2012.01.16 16:07:42.639,7.66967,7.67243,3.18,3.06
2012.01.16 16:07:42.708,7.66978,7.67243,2.25,1.56
2012.01.16 16:07:44.628,7.66978,7.67252,2.25,2.31
2012.01.16 16:07:48.873,7.66978,7.67252,1.50,2.31
2012.01.16 16:08:01.948,7.66968,7.67242,2.85,2.31
2012.01.16 16:08:03.622,7.66968,7.67242,2.10,2.31
2012.01.16 16:08:25.212,7.66969,7.67233,1.35,2.31
2012.01.16 16:08:25.422,7.66969,7.67233,1.35,2.31
2012.01.16 16:08:26.888,7.66969,7.67233,1.35,2.31
2012.01.16 16:08:26.957,7.66973,7.67247,2.25,2.31
2012.01.16 16:08:43.496,7.66973,7.67247,1.50,2.25
2012.01.16 16:08:52.629,7.66973,7.67247,1.50,2.25
2012.01.16 16:08:53.187,7.66972,7.6724,1.50,2.25
2012.01.16 16:08:55.419,7.66972,7.67192,1.50,1.50
2012.01.16 16:08:57.501,7.6697,7.67192,1.50,1.50
2012.01.16 16:08:58.636,7.6697,7.67182,1.50,1.50
2012.01.16 16:08:58.967,7.6696,7.67172,1.50,1.50
2012.01.16 16:09:02.648,7.66954,7.67152,1.50,1.13
2012.01.16 16:09:11.118,7.66954,7.67152,1.50,1.13
2012.01.16 16:09:36.412,7.66958,7.67152,1.50,1.13
2012.01.16 16:09:51.689,7.66958,7.67152,1.50,1.56
2012.01.16 16:09:51.880,7.6692,7.67156,1.50,2.31
2012.01.16 16:09:53.045,7.66911,7.67153,1.35,1.93
2012.01.16 16:09:53.401,7.66911,7.67136,1.35,1.56
2012.01.16 16:09:54.355,7.66911,7.67144,1.35,1.56
2012.01.16 16:09:54.426,7.66911,7.67144,1.35,1.56
2012.01.16 16:09:55.169,7.66911,7.67144,1.35,1.56
2012.01.16 16:09:55.881,7.66911,7.67144,1.35,1.56
2012.01.16 16:09:58.642,7.66911,7.67135,1.35,1.56
2012.01.16 16:09:59.364,7.66911,7.67137,1.35,1.56
2012.01.16 16:10:02.686,7.66911,7.67145,1.35,1.56
2012.01.16 16:10:11.410,7.66911,7.67138,1.35,1.56
2012.01.16 16:10:38.217,7.66911,7.67113,1.35,1.50
2012.01.16 16:10:38.348,7.66911,7.67113,1.35,1.50
2012.01.16 16:10:38.728,7.66919,7.67113,1.50,1.50
2012.01.16 16:10:38.798,7.66919,7.67143,1.50,1.93
2012.01.16 16:10:39.020,7.66919,7.67119,1.50,1.50
2012.01.16 16:10:39.096,7.66898,7.6708,1.13,1.50
2012.01.16 16:10:40.009,7.66898,7.67104,1.08,1.50
2012.01.16 16:10:40.321,7.66898,7.67129,1.08,3.00
2012.01.16 16:10:40.387,7.66898,7.67129,1.08,1.50
2012.01.16 16:10:40.459,7.66898,7.6712,1.08,1.50
2012.01.16 16:10:41.700,7.66897,7.67129,1.08,1.50
2012.01.16 16:10:41.948,7.66898,7.67129,1.45,1.50
2012.01.16 16:10:42.300,7.66898,7.67138,1.45,1.50
2012.01.16 16:10:42.655,7.66898,7.67138,1.45,1.50
2012.01.16 16:10:42.979,7.66898,7.67138,1.45,1.50
2012.01.16 16:10:43.254,7.66897,7.67138,1.08,1.50
2012.01.16 16:10:45.592,7.66897,7.67138,1.08,2.25
2012.01.16 16:10:46.401,7.66897,7.67131,1.08,1.50
2012.01.16 16:10:47.653,7.66897,7.67131,1.08,2.25
2012.01.16 16:10:50.387,7.66898,7.67113,1.45,1.50
2012.01.16 16:10:50.698,7.66871,7.67103,1.35,1.50
2012.01.16 16:11:26.641,7.66871,7.67043,1.35,1.13
2012.01.16 16:11:27.148,7.66867,7.67088,1.45,2.25
2012.01.16 16:11:27.220,7.66867,7.67088,1.45,2.25
2012.01.16 16:11:35.972,7.66847,7.67017,1.13,1.43
2012.01.16 16:11:36.231,7.66818,7.67017,1.50,1.48
2012.01.16 16:11:36.671,7.66807,7.67024,1.45,2.33
2012.01.16 16:11:37.631,7.66807,7.67003,1.45,1.20
2012.01.16 16:11:38.211,7.66807,7.67023,2.20,1.58
2012.01.16 16:11:42.428,7.6685,7.67022,2.10,1.50
2012.01.16 16:11:42.497,7.6685,7.67059,2.10,1.56
2012.01.16 16:11:43.186,7.66838,7.67069,1.50,1.56
2012.01.16 16:11:44.949,7.66847,7.67103,1.13,2.16
2012.01.16 16:11:45.259,7.66868,7.67087,1.50,2.31
2012.01.16 16:11:48.668,7.66867,7.67063,1.50,1.56
2012.01.16 16:11:50.168,7.66813,7.67058,1.50,1.56
2012.01.16 16:11:50.358,7.66836,7.67097,1.50,1.41
2012.01.16 16:11:51.459,7.66835,7.67034,2.10,1.56
2012.01.16 16:11:51.648,7.66848,7.67062,1.08,1.73
2012.01.16 16:11:51.719,7.66848,7.67111,1.08,1.50
2012.01.16 16:11:52.233,7.66848,7.67062,1.08,1.50
2012.01.16 16:11:52.298,7.66838,7.67062,1.50,1.56
2012.01.16 16:11:53.008,7.66838,7.67062,1.50,1.71
2012.01.16 16:11:53.879,7.66848,7.67062,1.13,1.71
2012.01.16 16:11:54.594,7.66848,7.67062,1.13,1.71
2012.01.16 16:11:55.640,7.66848,7.67062,1.13,1.71
2012.01.16 16:11:56.690,7.66848,7.67062,1.13,1.71
2012.01.16 16:11:56.818,7.66848,7.67062,1.13,2.46
2012.01.16 16:11:56.949,7.66848,7.67062,1.13,1.71
2012.01.16 16:11:57.560,7.66848,7.67062,1.13,1.71
2012.01.16 16:12:00.227,7.66848,7.67062,1.13,1.71
2012.01.16 16:12:02.718,7.66837,7.67062,1.50,1.65
2012.01.16 16:12:03.308,7.66837,7.67063,1.50,1.65
2012.01.16 16:12:04.499,7.66848,7.67063,1.13,1.65
2012.01.16 16:12:05.600,7.66848,7.67063,1.13,1.65
2012.01.16 16:12:05.736,7.66827,7.67063,1.45,1.65
2012.01.16 16:12:05.814,7.66808,7.67061,1.50,2.46
2012.01.16 16:12:33.089,7.66848,7.67017,1.08,1.43
2012.01.16 16:12:33.221,7.66855,7.6702,2.10,1.58
2012.01.16 16:12:34.323,7.66855,7.67083,2.10,1.13
2012.01.16 16:12:59.207,7.66859,7.67013,2.10,1.94
2012.01.16 16:12:59.698,7.66859,7.67013,1.50,1.94
2012.01.16 16:12:59.767,7.66848,7.67013,1.83,1.94
2012.01.16 16:13:00.027,7.66848,7.67013,1.08,1.94
2012.01.16 16:13:00.989,7.66848,7.67013,1.83,1.94
2012.01.16 16:13:01.154,7.66848,7.67108,1.83,2.31
2012.01.16 16:13:02.097,7.66848,7.67108,1.83,2.46
2012.01.16 16:13:02.459,7.66848,7.67088,1.08,1.05
2012.01.16 16:13:03.916,7.66848,7.67013,1.08,2.30
2012.01.16 16:13:05.588,7.66848,7.67013,1.08,2.45
2012.01.16 16:13:12.897,7.66848,7.67013,1.83,2.60
2012.01.16 16:13:13.187,7.66848,7.67112,1.83,2.46
2012.01.16 16:13:13.394,7.66848,7.67112,1.83,2.31
2012.01.16 16:13:18.987,7.66848,7.67092,1.83,1.11
2012.01.16 16:13:19.319,7.66847,7.67073,1.50,1.71
2012.01.16 16:13:28.767,7.66827,7.67003,1.50,1.13
2012.01.16 16:13:29.763,7.66827,7.67003,1.50,1.28
2012.01.16 16:13:37.448,7.66825,7.67012,1.35,1.75
2012.01.16 16:13:38.587,7.66825,7.67012,1.35,1.75
2012.01.16 16:13:58.671,7.66847,7.67012,1.08,1.75
2012.01.16 16:13:59.322,7.66847,7.67013,1.83,1.64
2012.01.16 16:14:02.784,7.66847,7.67013,1.83,1.49
2012.01.16 16:14:02.968,7.66847,7.67141,1.08,2.25
2012.01.16 16:14:03.219,7.66898,7.67133,1.45,1.50
2012.01.16 16:14:03.529,7.66898,7.67123,1.45,1.50
2012.01.16 16:14:03.959,7.66898,7.67112,1.45,1.50
2012.01.16 16:14:04.309,7.66898,7.67092,1.45,1.50
2012.01.16 16:14:04.620,7.66898,7.67083,1.45,1.50
2012.01.16 16:14:04.750,7.66898,7.67099,1.45,2.25
2012.01.16 16:14:04.942,7.66898,7.67087,1.45,2.25
2012.01.16 16:14:05.914,7.66848,7.67087,1.45,2.25
2012.01.16 16:14:08.748,7.66848,7.67083,1.45,1.50
2012.01.16 16:14:09.567,7.66848,7.67083,1.45,1.50
2012.01.16 16:14:54.668,7.66867,7.67109,1.58,2.44
2012.01.16 16:14:55.158,7.66848,7.67063,1.53,1.58
2012.01.16 16:14:55.411,7.66848,7.67063,1.53,1.58
2012.01.16 16:14:57.161,7.66848,7.67052,1.53,1.58
2012.01.16 16:15:02.672,7.66848,7.67083,1.53,1.58
2012.01.16 16:15:21.933,7.66828,7.67083,2.33,1.58
2012.01.16 16:15:52.163,7.66821,7.67032,1.58,1.20
2012.01.16 16:15:52.409,7.66817,7.67023,1.53,1.20
2012.01.16 16:15:52.728,7.66814,7.67054,2.33,1.41
2012.01.16 16:15:52.931,7.66807,7.67047,1.58,2.31
2012.01.16 16:15:53.000,7.66798,7.67044,1.53,1.62
2012.01.16 16:15:53.882,7.66798,7.67032,1.53,1.50
2012.01.16 16:15:54.881,7.66798,7.67026,1.53,1.50
2012.01.16 16:15:55.513,7.66798,7.67026,1.53,1.50
2012.01.16 16:15:57.591,7.66798,7.67026,1.53,1.50
2012.01.16 16:16:01.173,7.66798,7.67026,1.53,1.50
2012.01.16 16:16:10.200,7.66798,7.67028,1.53,1.50
2012.01.16 16:16:20.406,7.66798,7.67029,1.53,1.50
2012.01.16 16:16:29.922,7.66798,7.67029,1.53,1.50
2012.01.16 16:16:32.394,7.66798,7.67028,1.53,1.50
2012.01.16 16:16:39.414,7.66817,7.67028,1.58,1.50
2012.01.16 16:16:41.722,7.66798,7.67026,1.53,1.50
2012.01.16 16:16:57.657,7.66767,7.67026,2.33,1.50
2012.01.16 16:16:57.927,7.66758,7.67026,1.58,1.50
2012.01.16 16:16:58.297,7.6675,7.67016,1.58,1.50
2012.01.16 16:16:58.487,7.66742,7.67016,2.33,2.25
2012.01.16 16:16:58.892,7.66742,7.67016,2.33,3.00
2012.01.16 16:16:59.521,7.66751,7.67016,2.33,1.50
2012.01.16 16:17:00.510,7.66751,7.67016,2.33,1.50
2012.01.16 16:17:01.753,7.66761,7.67015,2.33,1.50
2012.01.16 16:17:12.968,7.66848,7.67015,1.20,1.50
2012.01.16 16:17:13.042,7.66848,7.6702,1.20,1.50
2012.01.16 16:17:13.183,7.66856,7.67021,1.45,2.25
2012.01.16 16:17:14.620,7.66863,7.67102,1.45,1.20
2012.01.16 16:17:15.576,7.66863,7.67102,1.45,1.20
2012.01.16 16:17:18.693,7.66864,7.67102,2.20,1.20
2012.01.16 16:17:19.004,7.66862,7.67102,1.45,1.20
2012.01.16 16:17:19.187,7.66862,7.67102,1.45,1.20
2012.01.16 16:17:20.392,7.66861,7.67102,2.95,1.20
2012.01.16 16:17:20.469,7.66898,7.67078,1.53,1.20
2012.01.16 16:17:23.582,7.66898,7.67078,1.53,1.20
2012.01.16 16:17:25.942,7.66898,7.67027,1.53,1.20
2012.01.16 16:17:26.303,7.66827,7.67012,1.53,1.58
2012.01.16 16:17:27.605,7.66878,7.67002,5.42,1.20
2012.01.16 16:17:27.799,7.66878,7.67013,5.42,1.58
2012.01.16 16:17:28.003,7.66878,7.67027,5.42,1.20
2012.01.16 16:17:28.194,7.66827,7.67017,1.53,1.20
2012.01.16 16:17:28.440,7.66827,7.67043,1.53,1.58
2012.01.16 16:17:29.169,7.66827,7.67043,1.53,1.58
2012.01.16 16:17:37.719,7.66832,7.67052,2.33,1.20
2012.01.16 16:17:39.488,7.66877,7.67052,1.53,1.20
2012.01.16 16:17:43.210,7.66857,7.67042,1.53,1.58
2012.01.16 16:17:46.119,7.66857,7.67028,1.53,1.20
2012.01.16 16:17:57.380,7.66857,7.67032,1.53,1.20
2012.01.16 16:17:57.631,7.66857,7.67028,1.53,1.20
2012.01.16 16:18:02.948,7.66857,7.67033,1.53,1.58
2012.01.16 16:18:03.137,7.66857,7.67028,1.53,1.20
2012.01.16 16:18:21.230,7.66857,7.67028,1.53,1.20
2012.01.16 16:18:21.562,7.66857,7.67028,1.53,1.20
2012.01.16 16:18:25.290,7.66857,7.67028,1.53,1.20
2012.01.16 16:18:25.510,7.66857,7.67028,1.53,1.20
2012.01.16 16:18:26.671,7.66857,7.67028,1.53,1.20
2012.01.16 16:18:26.889,7.66857,7.67028,1.53,1.20
2012.01.16 16:18:32.721,7.66857,7.67028,1.53,1.20
2012.01.16 16:18:32.940,7.66857,7.67028,1.53,1.20
2012.01.16 16:18:34.111,7.66857,7.67028,1.53,1.20
2012.01.16 16:18:34.369,7.66857,7.67028,1.53,1.20
2012.01.16 16:18:36.479,7.66857,7.67028,1.53,1.20
2012.01.16 16:18:36.685,7.66857,7.67028,1.53,1.20
2012.01.16 16:18:37.923,7.66857,7.67028,1.53,1.20
2012.01.16 16:18:39.940,7.66857,7.67028,1.53,1.20
2012.01.16 16:18:53.347,7.66848,7.67028,1.53,1.20
2012.01.16 16:18:55.413,7.66848,7.67028,1.53,1.20
2012.01.16 16:19:00.140,7.66848,7.67028,1.53,1.20
2012.01.16 16:19:00.275,7.66848,7.67002,1.53,1.20
2012.01.16 16:19:00.702,7.66841,7.66983,2.33,1.58
2012.01.16 16:19:00.788,7.66787,7.66963,1.53,1.20
2012.01.16 16:19:00.934,7.66787,7.66963,1.53,1.20
2012.01.16 16:19:01.289,7.66787,7.66972,1.53,1.12
2012.01.16 16:19:01.741,7.66708,7.66931,1.53,1.50
2012.01.16 16:19:02.360,7.66708,7.66931,1.53,2.25
2012.01.16 16:19:03.539,7.66708,7.66932,1.53,2.25
2012.01.16 16:19:04.520,7.66708,7.66932,1.53,2.25
2012.01.16 16:19:05.550,7.66708,7.66932,1.53,2.25
2012.01.16 16:19:10.370,7.66708,7.66931,1.53,2.25
2012.01.16 16:19:10.439,7.66707,7.66931,1.15,2.25
2012.01.16 16:19:10.514,7.66707,7.66931,1.15,2.25
2012.01.16 16:19:10.580,7.66707,7.66931,1.15,2.32
2012.01.16 16:19:10.988,7.66657,7.66894,1.53,1.50
2012.01.16 16:19:11.300,7.66657,7.66885,1.53,1.50
2012.01.16 16:19:11.789,7.66657,7.66885,1.53,2.25
2012.01.16 16:19:12.580,7.66657,7.66895,1.53,2.25
2012.01.16 16:19:13.285,7.66657,7.66885,1.53,2.25
2012.01.16 16:19:13.651,7.66657,7.66885,1.53,2.25
2012.01.16 16:19:14.650,7.66657,7.66885,1.53,2.25
2012.01.16 16:19:16.350,7.66657,7.66885,1.53,2.25
2012.01.16 16:19:17.450,7.66688,7.66904,1.58,2.31
2012.01.16 16:19:17.781,7.66707,7.66948,1.15,2.25
2012.01.16 16:19:19.592,7.66707,7.66956,1.15,1.35
2012.01.16 16:19:20.164,7.66707,7.66956,1.15,1.35
2012.01.16 16:19:21.526,7.66709,7.6695,1.45,2.25
2012.01.16 16:19:22.222,7.66714,7.66956,1.45,1.35
2012.01.16 16:19:22.846,7.66714,7.66956,1.45,1.35
2012.01.16 16:19:22.929,7.66718,7.66903,1.53,1.20
2012.01.16 16:19:23.455,7.66698,7.66897,1.53,1.20
2012.01.16 16:19:23.693,7.66698,7.66903,1.53,1.20
2012.01.16 16:19:30.431,7.667,7.66928,1.58,1.20
2012.01.16 16:19:30.503,7.66757,7.66928,1.53,1.20
2012.01.16 16:19:30.762,7.66757,7.66928,1.53,1.20
2012.01.16 16:19:32.570,7.66757,7.66928,1.53,1.20
2012.01.16 16:19:36.731,7.66757,7.66952,2.28,1.20
2012.01.16 16:19:37.100,7.66827,7.66977,1.53,1.20
2012.01.16 16:19:37.229,7.66827,7.66977,1.53,1.20
2012.01.16 16:19:39.610,7.66827,7.66977,1.53,1.20
2012.01.16 16:19:39.905,7.66827,7.67029,1.53,1.49
2012.01.16 16:19:40.253,7.66842,7.67029,2.33,1.48
2012.01.16 16:19:40.404,7.66842,7.67029,2.33,1.48
2012.01.16 16:19:40.828,7.66767,7.66983,2.33,1.58
2012.01.16 16:19:43.434,7.66725,7.66937,1.58,1.20
2012.01.16 16:19:43.672,7.66725,7.66932,1.58,1.20
2012.01.16 16:19:44.580,7.66729,7.66937,1.58,1.20
2012.01.16 16:19:44.946,7.66735,7.66937,1.58,1.20
2012.01.16 16:19:45.981,7.66735,7.66942,1.58,1.63
2012.01.16 16:19:46.121,7.66735,7.66942,1.58,1.63
2012.01.16 16:19:48.561,7.66717,7.66902,1.58,1.20
2012.01.16 16:19:49.191,7.66717,7.66908,1.58,1.20
2012.01.16 16:19:50.635,7.66737,7.66908,1.53,1.20
2012.01.16 16:19:51.482,7.66737,7.66903,1.53,1.20
2012.01.16 16:19:51.854,7.66737,7.66912,1.53,1.58
2012.01.16 16:19:52.507,7.66737,7.66903,1.53,1.20
2012.01.16 16:19:59.921,7.66737,7.66903,1.53,1.20
2012.01.16 16:20:03.929,7.66737,7.66913,1.53,1.58
2012.01.16 16:20:06.188,7.66737,7.66897,1.53,1.20
2012.01.16 16:20:07.948,7.66737,7.66902,1.53,1.58
2012.01.16 16:20:15.210,7.66737,7.66897,1.53,1.20
2012.01.16 16:20:17.679,7.66737,7.66903,1.53,1.58
2012.01.16 16:20:22.671,7.66737,7.66897,1.53,1.20
2012.01.16 16:20:27.875,7.66737,7.66897,1.53,1.20
2012.01.16 16:20:28.012,7.66737,7.66883,1.53,1.58
2012.01.16 16:20:30.733,7.66737,7.66912,1.53,1.20
2012.01.16 16:20:30.983,7.66737,7.66918,1.53,1.20
2012.01.16 16:20:34.583,7.66737,7.66918,1.53,1.20
2012.01.16 16:20:48.145,7.66737,7.66933,1.53,1.58
2012.01.16 16:20:48.210,7.66737,7.66953,1.53,1.20
2012.01.16 16:20:48.353,7.66787,7.66953,1.45,1.20
2012.01.16 16:20:48.420,7.66787,7.66965,1.45,1.43
2012.01.16 16:20:54.378,7.66787,7.66973,1.45,1.20
2012.01.16 16:20:54.509,7.66787,7.66973,1.45,1.20
2012.01.16 16:20:54.920,7.66787,7.66986,1.45,1.58
2012.01.16 16:20:55.109,7.66785,7.66986,1.50,1.58
2012.01.16 16:20:55.242,7.66758,7.66986,1.58,1.58
2012.01.16 16:20:56.551,7.66767,7.66973,1.53,1.20
2012.01.16 16:20:57.652,7.66767,7.66973,1.53,1.20
2012.01.16 16:20:58.639,7.66767,7.66973,1.53,1.20
2012.01.16 16:21:04.743,7.66777,7.66995,1.20,1.49
2012.01.16 16:21:07.162,7.66777,7.66983,1.20,1.58
2012.01.16 16:21:22.320,7.66779,7.66983,1.20,1.63
2012.01.16 16:21:22.450,7.66777,7.66995,1.20,1.54
2012.01.16 16:21:22.641,7.66777,7.66987,1.20,1.58
2012.01.16 16:21:22.710,7.66767,7.66963,1.53,1.50
2012.01.16 16:21:23.031,7.66737,7.66924,2.33,1.20
2012.01.16 16:21:24.505,7.66737,7.66924,2.33,1.20
2012.01.16 16:21:25.222,7.66737,7.66924,2.33,1.20
2012.01.16 16:21:33.171,7.66737,7.66932,2.33,1.58
2012.01.16 16:21:33.239,7.66737,7.66933,2.33,1.20
2012.01.16 16:21:33.592,7.66757,7.66938,1.53,1.20
2012.01.16 16:21:34.164,7.66757,7.66937,1.53,1.20
2012.01.16 16:21:35.513,7.66757,7.66937,1.53,1.20
2012.01.16 16:21:37.671,7.66728,7.66962,1.58,1.58
2012.01.16 16:21:42.612,7.66738,7.66942,1.58,1.58
2012.01.16 16:21:44.005,7.66727,7.66953,1.53,1.58
2012.01.16 16:21:44.201,7.66777,7.66972,1.53,1.58
2012.01.16 16:21:57.132,7.66747,7.66943,2.28,1.58
2012.01.16 16:21:57.381,7.66748,7.66952,1.58,1.58
2012.01.16 16:22:27.846,7.66748,7.66942,1.58,1.58
2012.01.16 16:22:28.144,7.66727,7.66927,1.53,1.20
2012.01.16 16:22:29.661,7.66727,7.66927,1.53,1.20
2012.01.16 16:22:36.418,7.66727,7.66913,1.53,1.20
2012.01.16 16:22:53.661,7.66698,7.66942,1.53,1.63
2012.01.16 16:22:56.583,7.66728,7.66903,1.53,1.20
2012.01.16 16:22:56.654,7.66728,7.66902,1.53,1.58
2012.01.16 16:23:17.682,7.66687,7.6696,2.20,1.69
2012.01.16 16:23:17.812,7.6667,7.66897,2.20,1.50
2012.01.16 16:23:18.014,7.66616,7.66891,1.50,1.62
2012.01.16 16:23:18.084,7.6662,7.66891,1.50,1.62
2012.01.16 16:23:18.404,7.66644,7.66894,1.50,1.62
2012.01.16 16:23:20.642,7.66644,7.66897,2.25,1.62
2012.01.16 16:23:20.776,7.66644,7.66897,2.25,1.62
2012.01.16 16:23:20.843,7.66644,7.66897,2.25,1.62
2012.01.16 16:23:20.983,7.66644,7.66891,1.50,1.56
2012.01.16 16:23:21.319,7.66548,7.66817,1.20,1.56
2012.01.16 16:23:21.461,7.66548,7.66817,1.20,1.56
2012.01.16 16:23:22.190,7.66548,7.66818,1.20,1.56
2012.01.16 16:23:26.264,7.66548,7.66772,1.20,3.06
2012.01.16 16:23:26.512,7.66528,7.66772,1.45,2.31
2012.01.16 16:23:26.584,7.66534,7.66772,2.25,2.37
2012.01.16 16:23:26.789,7.66534,7.6681,2.25,2.31
2012.01.16 16:23:27.590,7.66534,7.6681,2.25,2.31
2012.01.16 16:23:28.652,7.66528,7.66789,1.45,2.31
2012.01.16 16:23:29.613,7.66528,7.66797,1.45,2.31
2012.01.16 16:23:31.200,7.66616,7.66807,1.35,2.31
2012.01.16 16:23:31.552,7.66641,7.66935,2.25,1.62
2012.01.16 16:23:31.627,7.6665,7.66935,1.45,1.50
2012.01.16 16:23:31.769,7.6666,7.66954,2.20,2.25
2012.01.16 16:23:33.393,7.66697,7.66943,1.45,2.31
2012.01.16 16:23:33.735,7.66697,7.66952,1.45,2.37
2012.01.16 16:23:34.052,7.66708,7.66952,1.45,1.62
2012.01.16 16:23:34.362,7.66708,7.6696,1.45,1.62
2012.01.16 16:23:35.179,7.66708,7.6696,1.45,1.62
2012.01.16 16:23:35.392,7.66708,7.6696,1.45,1.62
2012.01.16 16:23:35.892,7.66708,7.6695,1.45,1.50
2012.01.16 16:23:35.963,7.66708,7.6695,1.45,1.50
2012.01.16 16:23:36.870,7.66708,7.6695,1.45,1.50
2012.01.16 16:23:37.206,7.66708,7.66942,1.45,1.50
2012.01.16 16:23:38.424,7.66708,7.66955,1.45,1.62
2012.01.16 16:23:38.492,7.66708,7.66945,1.45,2.25
2012.01.16 16:23:38.745,7.66698,7.66945,1.45,1.56
2012.01.16 16:23:39.464,7.66698,7.66953,1.45,2.37
2012.01.16 16:23:40.164,7.66707,7.66953,1.45,1.62
2012.01.16 16:23:40.561,7.66707,7.66953,1.45,1.62
2012.01.16 16:23:41.551,7.66707,7.66953,1.45,1.62
2012.01.16 16:23:46.392,7.66707,7.66953,1.45,2.37
2012.01.16 16:23:46.671,7.66707,7.66953,1.45,1.62
2012.01.16 16:23:49.991,7.66707,7.66947,1.45,1.50
2012.01.16 16:23:50.361,7.66707,7.66957,1.45,1.62
2012.01.16 16:23:52.434,7.66707,7.66949,1.45,1.50
2012.01.16 16:23:54.961,7.66707,7.66938,1.45,1.50
2012.01.16 16:23:55.199,7.66747,7.66938,1.58,2.33
2012.01.16 16:24:13.877,7.66697,7.66873,1.53,1.20
2012.01.16 16:24:36.211,7.66697,7.66873,1.53,1.20
2012.01.16 16:24:58.939,7.66675,7.66882,2.33,1.58
2012.01.16 16:24:59.949,7.66657,7.66872,1.58,1.20
2012.01.16 16:25:00.261,7.6667,7.66883,2.33,1.20
2012.01.16 16:25:00.455,7.66708,7.66913,1.53,1.20
2012.01.16 16:25:00.521,7.66708,7.66913,1.53,1.27
2012.01.16 16:25:01.250,7.66677,7.66904,1.58,1.62
2012.01.16 16:25:01.603,7.66678,7.66904,1.58,2.37
2012.01.16 16:25:02.263,7.66697,7.66904,1.58,1.62
2012.01.16 16:25:03.635,7.66697,7.66913,1.58,1.32
2012.01.16 16:25:04.756,7.66658,7.66905,1.53,2.37
2012.01.16 16:25:04.941,7.66677,7.66905,1.58,2.37
2012.01.16 16:25:07.151,7.66738,7.66905,1.58,1.62
2012.01.16 16:25:10.282,7.66738,7.66927,1.58,1.69
2012.01.16 16:25:10.353,7.66738,7.66913,1.58,1.32
2012.01.16 16:25:10.421,7.66657,7.66877,2.25,2.31
2012.01.16 16:25:10.553,7.66657,7.66852,2.25,2.32
2012.01.16 16:25:10.740,7.66607,7.66842,1.45,2.25
2012.01.16 16:25:10.870,7.66581,7.66842,1.50,2.31
2012.01.16 16:25:13.642,7.66581,7.66835,1.50,1.62
2012.01.16 16:25:14.706,7.66581,7.66835,1.50,1.62
2012.01.16 16:25:18.922,7.66581,7.66808,1.50,1.62
2012.01.16 16:25:19.186,7.66581,7.6683,1.50,2.37
2012.01.16 16:25:26.416,7.66548,7.6681,1.20,2.37
2012.01.16 16:25:28.776,7.66548,7.66803,1.20,2.37
2012.01.16 16:25:41.642,7.66548,7.66814,1.20,3.12
2012.01.16 16:25:41.710,7.66557,7.668,1.45,1.57
2012.01.16 16:25:42.374,7.66557,7.66794,1.45,1.57
2012.01.16 16:25:43.262,7.66557,7.66814,1.45,3.06
2012.01.16 16:25:43.393,7.66557,7.66814,1.45,3.06
2012.01.16 16:25:43.463,7.66613,7.66812,1.20,1.63
2012.01.16 16:25:43.712,7.66598,7.66806,1.58,2.38
2012.01.16 16:25:45.701,7.66598,7.66789,1.58,1.64
2012.01.16 16:25:47.432,7.66598,7.66789,1.58,1.64
2012.01.16 16:25:47.754,7.66607,7.66794,1.20,2.39
2012.01.16 16:25:52.190,7.66607,7.66794,1.20,2.39
2012.01.16 16:25:52.509,7.66607,7.66809,1.20,1.63
2012.01.16 16:25:52.701,7.66612,7.66805,1.20,1.69
2012.01.16 16:25:54.672,7.66612,7.66792,1.20,1.64
2012.01.16 16:25:55.591,7.66612,7.66792,1.20,1.64
2012.01.16 16:25:58.251,7.66612,7.66792,1.20,1.64
2012.01.16 16:25:58.675,7.66612,7.66792,1.20,1.64
2012.01.16 16:26:06.853,7.66608,7.66791,1.20,1.64
2012.01.16 16:26:06.983,7.66608,7.66791,1.20,1.64
2012.01.16 16:26:13.492,7.66613,7.6679,1.20,1.64
2012.01.16 16:26:14.551,7.66613,7.66784,1.20,2.99
2012.01.16 16:26:15.541,7.66613,7.66784,1.20,2.99
2012.01.16 16:26:33.470,7.66607,7.66784,1.20,1.49
2012.01.16 16:26:38.461,7.66607,7.66784,1.20,1.49
2012.01.16 16:26:38.593,7.66613,7.66784,1.20,1.49
2012.01.16 16:26:38.663,7.66613,7.66784,1.20,1.49
2012.01.16 16:26:39.924,7.66613,7.66784,1.20,1.49
2012.01.16 16:26:40.314,7.66607,7.66784,1.20,1.49
2012.01.16 16:26:40.525,7.66607,7.66784,1.20,1.49
2012.01.16 16:26:43.205,7.66607,7.66784,1.20,1.49
2012.01.16 16:26:43.632,7.66607,7.66784,1.20,1.49
2012.01.16 16:26:51.934,7.66607,7.66784,1.20,1.49
2012.01.16 16:26:52.739,7.66607,7.66784,1.20,1.49
2012.01.16 16:26:53.593,7.66607,7.66784,1.20,1.49
2012.01.16 16:26:54.234,7.66607,7.66784,1.20,1.49
2012.01.16 16:26:54.444,7.66597,7.66778,1.58,2.33
2012.01.16 16:27:01.689,7.66607,7.66774,1.20,2.33
2012.01.16 16:27:02.211,7.66598,7.66782,1.58,2.33
2012.01.16 16:27:08.174,7.66572,7.66765,1.20,2.33
2012.01.16 16:27:08.252,7.66572,7.66765,1.20,2.38
2012.01.16 16:27:10.192,7.66572,7.6674,1.20,2.33
2012.01.16 16:27:10.777,7.66572,7.6674,1.20,2.33
2012.01.16 16:27:10.920,7.66572,7.66739,1.20,2.33
2012.01.16 16:27:11.176,7.66572,7.66739,1.20,2.33
2012.01.16 16:27:13.486,7.66572,7.66739,1.20,2.33
2012.01.16 16:27:15.215,7.66572,7.66749,1.20,2.33
2012.01.16 16:27:16.501,7.66572,7.66732,1.20,2.33
2012.01.16 16:27:16.805,7.66547,7.66713,1.20,2.33
2012.01.16 16:27:16.936,7.66547,7.66712,1.20,1.58
2012.01.16 16:27:19.180,7.66547,7.66712,1.20,1.58
2012.01.16 16:27:20.223,7.66537,7.66713,1.58,1.58
2012.01.16 16:27:20.424,7.66537,7.66793,1.58,1.69
2012.01.16 16:27:20.496,7.66547,7.66792,1.15,1.64
2012.01.16 16:27:21.606,7.66557,7.66793,1.45,2.39
2012.01.16 16:27:22.217,7.66557,7.66793,1.45,1.64
2012.01.16 16:27:22.691,7.66557,7.66793,1.45,1.64
2012.01.16 16:27:24.992,7.66547,7.66783,1.20,1.32
2012.01.16 16:27:25.061,7.66577,7.66784,1.45,1.27
2012.01.16 16:27:25.194,7.66577,7.66794,1.45,1.49
2012.01.16 16:27:26.559,7.66577,7.66794,1.45,1.49
2012.01.16 16:27:31.653,7.66577,7.66794,1.45,1.49
2012.01.16 16:27:32.772,7.66577,7.66794,1.45,1.43
2012.01.16 16:27:33.218,7.66577,7.66794,1.45,1.43
2012.01.16 16:27:33.435,7.66577,7.66794,1.45,1.43
2012.01.16 16:27:33.984,7.66558,7.66794,1.45,1.43
2012.01.16 16:27:37.050,7.66577,7.66794,1.45,1.43
2012.01.16 16:27:37.153,7.66557,7.66794,1.45,1.43
2012.01.16 16:27:39.055,7.66577,7.66762,1.53,1.58
2012.01.16 16:27:39.392,7.66537,7.66783,1.58,1.69
2012.01.16 16:27:41.672,7.66538,7.66782,1.58,1.69
2012.01.16 16:27:41.995,7.66538,7.66772,1.58,1.63
2012.01.16 16:27:43.264,7.66547,7.66773,1.58,3.13
2012.01.16 16:27:43.608,7.66578,7.66773,1.58,2.38
2012.01.16 16:27:49.318,7.66583,7.66765,1.20,2.38
2012.01.16 16:27:49.754,7.66537,7.66733,1.58,1.58
2012.01.16 16:27:49.965,7.66548,7.66754,1.58,2.44
2012.01.16 16:27:51.019,7.66567,7.66763,1.58,2.44
2012.01.16 16:28:01.392,7.66582,7.66761,1.20,2.44
2012.01.16 16:28:05.734,7.66578,7.66772,1.20,1.69
2012.01.16 16:28:06.173,7.66582,7.66778,1.20,2.44
2012.01.16 16:28:11.155,7.66578,7.66768,1.20,2.44
2012.01.16 16:28:11.494,7.66582,7.66776,1.20,2.44
2012.01.16 16:28:11.569,7.66578,7.66772,1.20,1.69
2012.01.16 16:28:23.930,7.66582,7.66782,1.20,2.44
2012.01.16 16:28:24.210,7.66587,7.66782,1.20,3.19
2012.01.16 16:28:24.279,7.66587,7.66782,1.20,3.19
2012.01.16 16:28:24.352,7.66582,7.66782,1.20,2.44
2012.01.16 16:28:24.762,7.66582,7.66782,1.20,2.44
2012.01.16 16:28:25.201,7.66582,7.66782,1.20,2.44
2012.01.16 16:28:27.409,7.66582,7.66782,1.20,2.39
2012.01.16 16:28:27.542,7.66588,7.66782,1.58,1.64
2012.01.16 16:28:27.670,7.66607,7.66782,1.20,1.64
2012.01.16 16:28:27.921,7.66582,7.66788,1.20,2.44
2012.01.16 16:28:31.091,7.66568,7.6678,1.58,2.38
2012.01.16 16:28:31.220,7.66568,7.66783,1.58,1.69
2012.01.16 16:28:33.510,7.66608,7.66793,1.20,2.44
2012.01.16 16:29:02.950,7.66598,7.66782,1.58,2.44
2012.01.16 16:29:04.928,7.66608,7.66781,1.20,2.33
2012.01.16 16:29:17.028,7.66597,7.66782,1.58,2.44
2012.01.16 16:29:17.173,7.66608,7.66771,1.20,2.33
2012.01.16 16:30:05.020,7.66582,7.66775,1.20,2.38
2012.01.16 16:30:05.211,7.66582,7.66775,1.20,2.38
2012.01.16 16:30:06.942,7.66582,7.66775,1.20,2.38
2012.01.16 16:30:07.192,7.66588,7.66775,1.20,2.44
2012.01.16 16:30:07.503,7.66583,7.66775,1.20,2.44
2012.01.16 16:30:08.153,7.66583,7.66775,1.20,2.44
2012.01.16 16:30:09.581,7.66583,7.66775,1.20,2.44
2012.01.16 16:30:18.919,7.66593,7.66766,1.20,2.44
2012.01.16 16:30:19.241,7.66583,7.66779,1.20,2.39
2012.01.16 16:30:20.132,7.66583,7.6677,1.20,2.38
2012.01.16 16:30:20.202,7.66587,7.6677,1.20,2.38
2012.01.16 16:30:21.684,7.66587,7.6677,1.20,2.39
2012.01.16 16:30:23.671,7.66593,7.66779,1.20,2.39
2012.01.16 16:30:24.399,7.66558,7.66762,1.58,1.64
2012.01.16 16:30:34.787,7.66548,7.66762,1.53,1.58
2012.01.16 16:30:34.981,7.66577,7.66789,1.58,2.39
2012.01.16 16:30:36.450,7.66577,7.66786,1.58,2.33
2012.01.16 16:30:36.701,7.66587,7.66786,1.58,2.39
2012.01.16 16:30:39.030,7.66557,7.66783,1.58,1.58
2012.01.16 16:30:39.355,7.66597,7.66796,1.58,2.39
2012.01.16 16:30:54.658,7.66618,7.66797,1.58,2.33
2012.01.16 16:31:13.895,7.66578,7.66782,1.53,1.58
2012.01.16 16:31:15.819,7.66598,7.66793,1.58,1.58
2012.01.16 16:34:08.657,7.66539,7.66717,1.58,1.20
2012.01.16 16:34:08.729,7.66539,7.66723,1.58,1.58
2012.01.16 16:34:23.455,7.66558,7.66772,1.58,1.58
2012.01.16 16:34:50.160,7.66607,7.66772,1.53,1.58
2012.01.16 16:34:50.424,7.66607,7.66792,1.53,1.58
2012.01.16 16:34:53.463,7.66647,7.6683,1.20,2.38
2012.01.16 16:34:54.241,7.66648,7.6683,1.20,2.33
2012.01.16 16:34:54.623,7.66648,7.6683,1.20,2.33
2012.01.16 16:34:54.690,7.66648,7.6683,1.20,2.33
2012.01.16 16:34:55.175,7.66648,7.6683,1.20,2.33
2012.01.16 16:35:05.131,7.66648,7.6684,1.20,2.38
2012.01.16 16:35:05.261,7.66622,7.66825,1.20,2.38
2012.01.16 16:35:05.598,7.66608,7.66825,1.20,2.38
2012.01.16 16:35:05.676,7.66597,7.66811,1.58,1.63
2012.01.16 16:35:06.400,7.66608,7.66811,1.20,1.63
2012.01.16 16:35:06.683,7.66587,7.66811,1.58,1.63
2012.01.16 16:35:27.405,7.66622,7.66811,1.20,1.63
2012.01.16 16:35:32.751,7.66618,7.66811,1.20,1.63
2012.01.16 16:35:46.488,7.66608,7.66816,1.58,1.63
2012.01.16 16:35:47.794,7.66618,7.66816,1.20,1.63
2012.01.16 16:35:49.513,7.66608,7.66816,1.58,1.63
2012.01.16 16:35:55.561,7.66618,7.66816,1.20,1.63
2012.01.16 16:35:58.786,7.66607,7.66816,1.58,1.63
2012.01.16 16:35:59.356,7.66618,7.66816,1.20,1.63
2012.01.16 16:36:01.180,7.66628,7.66816,1.20,1.63
2012.01.16 16:36:01.312,7.66608,7.66816,1.58,1.63
2012.01.16 16:36:05.641,7.66628,7.66822,1.20,1.63
2012.01.16 16:36:08.754,7.66617,7.66822,1.58,1.63
2012.01.16 16:36:34.980,7.66628,7.66821,1.20,1.63
2012.01.16 16:36:43.435,7.66618,7.66822,1.58,1.63
2012.01.16 16:37:07.212,7.66618,7.66809,1.20,1.63
2012.01.16 16:37:07.452,7.66558,7.66809,1.53,1.63
2012.01.16 16:37:07.711,7.66578,7.66794,1.58,2.38
2012.01.16 16:37:11.861,7.66597,7.66708,1.58,1.05
2012.01.16 16:37:11.932,7.66548,7.66728,1.20,2.10
2012.01.16 16:37:12.001,7.66538,7.66728,1.58,2.10
2012.01.16 16:37:30.904,7.66548,7.66722,1.20,1.41
2012.01.16 16:37:32.443,7.66537,7.66723,1.58,1.41
2012.01.16 16:37:32.720,7.66548,7.66718,1.20,2.16
2012.01.16 16:37:35.413,7.66538,7.66718,1.58,2.16
2012.01.16 16:37:39.743,7.66527,7.66733,1.58,1.50
2012.01.16 16:37:39.814,7.66527,7.66786,1.58,2.98
2012.01.16 16:37:41.520,7.66548,7.66786,1.20,2.98
2012.01.16 16:37:42.565,7.66548,7.66786,1.20,2.98
2012.01.16 16:37:43.551,7.66548,7.66786,1.20,2.98
2012.01.16 16:38:01.273,7.66547,7.66793,1.20,1.11
2012.01.16 16:38:02.646,7.66547,7.66793,1.20,1.11
2012.01.16 16:38:11.176,7.66547,7.66793,1.20,1.11
2012.01.16 16:38:11.445,7.66547,7.66793,1.20,1.11
2012.01.16 16:38:12.604,7.66547,7.66793,1.20,1.11
2012.01.16 16:38:29.892,7.66558,7.66793,1.45,1.05
2012.01.16 16:38:31.584,7.66558,7.66793,1.45,1.05
2012.01.16 16:38:39.806,7.66558,7.66814,1.45,1.63
2012.01.16 16:38:48.354,7.66558,7.66814,1.45,1.63
2012.01.16 16:38:54.235,7.66568,7.66819,1.50,1.63
2012.01.16 16:39:42.191,7.66578,7.66818,1.58,1.58
2012.01.16 16:42:43.528,7.66592,7.66782,1.20,2.33
2012.01.16 16:42:43.668,7.66592,7.66791,1.20,1.63
2012.01.16 16:42:43.737,7.66549,7.66791,2.25,1.63
2012.01.16 16:42:43.812,7.66549,7.66699,2.25,2.10
2012.01.16 16:42:44.149,7.66547,7.66699,1.20,2.10
2012.01.16 16:42:44.452,7.66547,7.66699,1.20,2.10
2012.01.16 16:42:44.884,7.66547,7.66699,1.20,2.10
2012.01.16 16:42:45.984,7.66538,7.66699,1.58,2.10
2012.01.16 16:43:12.246,7.66517,7.66736,1.58,2.37
2012.01.16 16:43:12.374,7.6653,7.66742,1.58,1.60
2012.01.16 16:43:13.606,7.66547,7.66757,1.20,1.54
2012.01.16 16:43:13.987,7.66538,7.66757,1.58,1.54
2012.01.16 16:43:14.649,7.66547,7.66757,1.20,1.54
2012.01.16 16:43:15.634,7.66547,7.66757,1.20,1.54
2012.01.16 16:43:17.994,7.66547,7.66757,1.20,1.48
2012.01.16 16:43:48.674,7.66547,7.66743,1.20,1.26
2012.01.16 16:43:52.429,7.66527,7.66743,1.58,1.26
2012.01.16 16:44:18.432,7.66511,7.66743,1.58,1.20
2012.01.16 16:44:22.708,7.66528,7.66743,1.58,1.20
2012.01.16 16:44:22.775,7.66511,7.66743,1.58,1.20
2012.01.16 16:44:23.014,7.66527,7.66743,1.58,1.20
2012.01.16 16:44:23.418,7.66511,7.66743,1.58,1.20
2012.01.16 16:44:23.842,7.66547,7.66743,1.20,1.20
2012.01.16 16:44:25.871,7.66527,7.66743,1.58,1.20
2012.01.16 16:44:27.962,7.66511,7.66743,1.58,1.20
2012.01.16 16:44:28.182,7.66527,7.66743,1.58,1.20
2012.01.16 16:44:30.936,7.66547,7.66743,1.20,1.20
2012.01.16 16:44:33.133,7.66527,7.66743,1.58,1.20
2012.01.16 16:44:34.675,7.66511,7.66743,1.58,1.20
2012.01.16 16:44:35.660,7.66511,7.66743,1.58,1.20
2012.01.16 16:44:35.913,7.66511,7.66743,1.58,1.20
2012.01.16 16:44:37.701,7.66511,7.66743,1.58,1.20
2012.01.16 16:44:38.633,7.66511,7.66743,1.58,1.20
2012.01.16 16:44:49.167,7.66511,7.66743,1.58,1.20
2012.01.16 16:44:59.032,7.66511,7.66743,1.58,1.20
2012.01.16 16:45:37.404,7.66511,7.66743,1.58,1.20
2012.01.16 16:45:42.213,7.66511,7.66743,1.58,1.20
2012.01.16 16:45:44.819,7.66511,7.66743,1.58,1.20
2012.01.16 16:45:53.924,7.66511,7.66692,1.58,1.35
2012.01.16 16:45:57.512,7.66488,7.66691,1.58,1.35
2012.01.16 16:45:59.235,7.66508,7.66717,1.53,2.10
2012.01.16 16:46:53.892,7.66508,7.66743,1.53,1.20
2012.01.16 16:46:54.426,7.66508,7.66743,1.53,1.20
2012.01.16 16:46:54.747,7.66508,7.66743,1.53,1.20
2012.01.16 16:46:54.904,7.66508,7.66743,1.53,1.20
2012.01.16 16:47:02.000,7.66499,7.66743,1.58,1.20
2012.01.16 16:47:05.434,7.66537,7.66743,1.53,1.20
2012.01.16 16:47:05.504,7.66537,7.66713,1.53,1.58
2012.01.16 16:47:07.195,7.66537,7.66713,2.28,1.58
2012.01.16 16:47:07.503,7.66537,7.66692,1.58,1.20
2012.01.16 16:47:08.112,7.66527,7.66698,1.53,1.20
2012.01.16 16:47:08.243,7.66527,7.66698,1.53,1.20
2012.01.16 16:47:08.444,7.66517,7.66703,1.52,1.20
2012.01.16 16:47:10.146,7.66517,7.66703,1.52,1.58
2012.01.16 16:47:10.334,7.66517,7.66702,1.52,1.58
2012.01.16 16:47:11.545,7.66517,7.66693,1.52,1.20
2012.01.16 16:47:14.409,7.66518,7.66713,1.52,1.58
2012.01.16 16:47:14.604,7.66518,7.66713,1.52,1.58
2012.01.16 16:47:19.228,7.66538,7.66756,1.58,1.48
2012.01.16 16:47:19.297,7.66566,7.66756,1.45,1.43
2012.01.16 16:47:19.496,7.66566,7.66756,1.44,1.43
2012.01.16 16:47:19.683,7.66548,7.6675,1.14,2.38
2012.01.16 16:47:22.310,7.66517,7.66752,1.53,2.48
2012.01.16 16:47:41.974,7.66508,7.66742,1.52,1.41
2012.01.16 16:48:08.813,7.66508,7.66742,1.52,1.41
2012.01.16 16:48:09.392,7.66519,7.66683,1.58,1.35
2012.01.16 16:48:09.663,7.66519,7.66742,1.58,1.78
2012.01.16 16:48:10.464,7.66509,7.66742,1.58,1.78
2012.01.16 16:48:28.300,7.66495,7.66732,1.58,1.73
2012.01.16 16:49:59.144,7.66489,7.66753,3.08,1.73
2012.01.16 16:51:09.507,7.66462,7.66681,1.65,1.58
2012.01.16 16:52:59.917,7.66457,7.66712,1.20,1.73
2012.01.16 16:53:28.544,7.66439,7.66713,3.08,1.73
2012.01.16 16:54:03.667,7.66441,7.66702,2.33,1.73
2012.01.16 16:54:32.178,7.66451,7.66703,2.33,1.73
2012.01.16 16:55:19.332,7.66443,7.66707,2.33,1.73
2012.01.16 16:56:09.127,7.6644,7.66707,1.50,1.65
2012.01.16 16:56:44.832,7.6644,7.66707,1.50,1.65
2012.01.16 16:56:52.511,7.6644,7.66707,2.19,1.65
2012.01.16 16:57:06.572,7.66447,7.66707,1.44,1.65
2012.01.16 16:57:06.883,7.66498,7.66707,1.52,1.73
2012.01.16 16:57:08.624,7.66498,7.66748,1.52,2.48
2012.01.16 16:57:12.755,7.66498,7.66753,1.52,1.73
2012.01.16 16:57:15.853,7.66498,7.66733,1.52,1.73
2012.01.16 16:57:18.160,7.66487,7.66733,1.58,1.73
2012.01.16 16:57:28.694,7.66488,7.66733,1.58,1.73
2012.01.16 16:57:31.106,7.66487,7.66733,1.58,1.73
2012.01.16 16:57:35.722,7.66488,7.66733,1.58,1.73
2012.01.16 16:57:36.875,7.66487,7.66733,1.58,1.73
2012.01.16 16:57:51.594,7.66499,7.66733,2.33,1.73
2012.01.16 16:57:54.853,7.66491,7.66733,2.33,1.73
2012.01.16 16:58:06.835,7.66491,7.66733,2.33,1.73
2012.01.16 16:58:07.873,7.66491,7.66733,2.33,1.73
2012.01.16 16:58:09.152,7.66491,7.66733,2.33,1.73
2012.01.16 16:58:09.999,7.66491,7.66733,2.33,1.73
2012.01.16 16:58:12.012,7.66491,7.66733,2.33,1.73
2012.01.16 16:58:13.033,7.66501,7.66753,2.33,1.73
2012.01.16 16:58:15.280,7.66512,7.66756,2.33,1.73
2012.01.16 16:58:16.182,7.66512,7.66756,2.33,1.73
2012.01.16 16:58:17.158,7.66512,7.66756,2.33,1.73
2012.01.16 16:58:18.382,7.66512,7.66756,2.33,1.73
2012.01.16 16:58:22.312,7.66502,7.66756,2.33,1.73
2012.01.16 16:58:23.774,7.66502,7.66756,2.33,1.73
2012.01.16 16:58:24.491,7.66502,7.66756,2.33,1.73
2012.01.16 16:58:26.444,7.66502,7.66756,2.33,1.73
2012.01.16 16:58:28.455,7.66497,7.66756,1.52,1.73
2012.01.16 16:58:30.480,7.66497,7.66756,1.52,1.73
2012.01.16 16:58:32.740,7.66497,7.66756,1.52,1.73
2012.01.16 16:58:41.951,7.66498,7.66756,2.33,1.73
2012.01.16 16:58:43.030,7.66498,7.66756,2.33,1.73
2012.01.16 16:58:47.704,7.66497,7.66756,1.52,1.73
2012.01.16 16:58:53.002,7.66497,7.66756,1.52,1.73
2012.01.16 16:59:00.869,7.66528,7.66756,1.58,1.73
2012.01.16 16:59:01.556,7.66511,7.66742,2.33,1.03
2012.01.16 16:59:01.684,7.66518,7.66742,1.58,1.03
2012.01.16 16:59:03.822,7.66547,7.66742,1.58,1.03
2012.01.16 16:59:05.764,7.66548,7.66742,1.58,1.03
2012.01.16 16:59:23.817,7.66508,7.66742,1.58,1.03
2012.01.16 16:59:34.731,7.66508,7.66742,1.58,1.03
2012.01.16 16:59:35.250,7.66528,7.66742,1.58,1.03
2012.01.16 16:59:36.168,7.66528,7.66742,1.58,1.03
2012.01.16 16:59:38.384,7.66528,7.66742,1.58,1.03
2012.01.16 16:59:39.867,7.66528,7.66742,1.58,1.03
2012.01.16 16:59:43.044,7.66507,7.66742,1.58,1.03
2012.01.16 16:59:46.275,7.66507,7.66742,1.58,1.03
