2012.01.13 15:00:00.413,7.69387,7.69579,2.25,2.32
2012.01.13 15:00:00.568,7.69358,7.69579,1.50,2.25
2012.01.13 15:00:01.360,7.6936,7.69561,1.50,2.32
2012.01.13 15:00:01.863,7.69368,7.69563,1.50,3.07
2012.01.13 15:00:02.014,7.69368,7.69563,1.50,3.07
2012.01.13 15:00:02.158,7.69378,7.69569,2.25,2.25
2012.01.13 15:00:03.519,7.69378,7.69569,2.25,2.32
2012.01.13 15:00:05.088,7.69378,7.69539,2.25,1.50
2012.01.13 15:00:06.330,7.69378,7.69551,2.25,1.57
2012.01.13 15:00:06.402,7.69378,7.69551,2.25,1.57
2012.01.13 15:00:09.120,7.69378,7.69562,2.25,2.25
2012.01.13 15:00:12.217,7.69378,7.69546,2.25,1.57
2012.01.13 15:00:14.208,7.69378,7.69555,3.00,1.57
2012.01.13 15:00:14.294,7.69448,7.69623,2.25,2.25
2012.01.13 15:00:15.762,7.69448,7.69641,2.25,2.25
2012.01.13 15:00:16.272,7.69462,7.69651,1.50,1.57
2012.01.13 15:00:16.628,7.69449,7.6965,1.50,2.32
2012.01.13 15:00:17.187,7.69449,7.6965,1.50,2.32
2012.01.13 15:00:17.670,7.69464,7.69651,1.50,1.50
2012.01.13 15:00:18.499,7.69464,7.69652,1.50,3.38
2012.01.13 15:00:18.572,7.69456,7.69652,1.50,3.38
2012.01.13 15:00:19.680,7.69456,7.69652,2.25,3.38
2012.01.13 15:00:20.315,7.69465,7.69652,2.25,2.63
2012.01.13 15:00:21.490,7.69457,7.6965,1.50,1.50
2012.01.13 15:00:22.136,7.69448,7.69634,3.00,2.25
2012.01.13 15:00:22.219,7.69458,7.69634,1.50,1.50
2012.01.13 15:00:22.295,7.69458,7.69643,1.50,1.50
2012.01.13 15:00:24.288,7.69458,7.69643,1.50,1.50
2012.01.13 15:00:24.859,7.69458,7.69643,1.50,1.50
2012.01.13 15:00:25.508,7.69458,7.69643,1.50,1.50
2012.01.13 15:00:26.727,7.69458,7.69634,1.50,1.50
2012.01.13 15:00:27.065,7.69478,7.69644,3.00,1.50
2012.01.13 15:00:27.196,7.69478,7.69653,3.00,1.88
2012.01.13 15:00:29.634,7.69478,7.69652,3.00,1.13
2012.01.13 15:00:29.706,7.69478,7.69652,3.00,1.13
2012.01.13 15:00:30.400,7.69478,7.69652,3.00,1.13
2012.01.13 15:00:31.165,7.69547,7.69688,3.00,1.50
2012.01.13 15:00:31.234,7.69617,7.69741,2.20,2.25
2012.01.13 15:00:31.307,7.69617,7.69813,2.20,3.00
2012.01.13 15:00:31.379,7.69667,7.69816,3.00,2.25
2012.01.13 15:00:31.517,7.69667,7.69816,3.00,1.50
2012.01.13 15:00:32.159,7.69667,7.69816,3.00,1.56
2012.01.13 15:00:32.287,7.69617,7.69812,2.19,2.31
2012.01.13 15:00:32.415,7.69617,7.69758,2.19,1.50
2012.01.13 15:00:32.615,7.69578,7.69734,3.00,1.50
2012.01.13 15:00:33.917,7.69567,7.69734,2.25,1.50
2012.01.13 15:00:34.046,7.69557,7.69734,2.85,1.50
2012.01.13 15:00:35.337,7.69562,7.69734,1.35,1.50
2012.01.13 15:00:35.415,7.69562,7.69747,1.35,1.50
2012.01.13 15:00:36.341,7.69562,7.69739,1.35,1.50
2012.01.13 15:00:38.370,7.69562,7.69746,1.35,1.50
2012.01.13 15:00:42.687,7.69573,7.69746,1.13,2.25
2012.01.13 15:00:42.851,7.69563,7.69732,1.50,3.00
2012.01.13 15:00:44.846,7.69573,7.69727,1.13,2.25
2012.01.13 15:00:44.978,7.69576,7.69732,2.25,2.25
2012.01.13 15:00:45.047,7.69597,7.69775,3.00,2.31
2012.01.13 15:00:45.567,7.69597,7.69782,3.00,1.50
2012.01.13 15:00:46.097,7.69597,7.69782,3.00,1.50
2012.01.13 15:00:46.608,7.69597,7.69782,3.00,1.50
2012.01.13 15:00:48.353,7.69597,7.69782,3.00,1.50
2012.01.13 15:00:49.154,7.69549,7.69733,2.25,2.25
2012.01.13 15:00:49.683,7.69548,7.69733,2.25,2.25
2012.01.13 15:00:50.012,7.69587,7.69733,1.50,2.25
2012.01.13 15:00:50.092,7.69607,7.69772,1.50,2.37
2012.01.13 15:00:50.174,7.69627,7.69772,1.45,2.32
2012.01.13 15:00:50.721,7.69649,7.69833,1.50,2.32
2012.01.13 15:00:50.821,7.6967,7.69869,1.50,1.50
2012.01.13 15:00:51.191,7.6968,7.69881,1.50,1.56
2012.01.13 15:00:52.698,7.69672,7.69873,1.50,1.56
2012.01.13 15:00:53.033,7.69658,7.69859,2.25,1.50
2012.01.13 15:00:53.438,7.69638,7.69814,1.50,1.50
2012.01.13 15:00:53.771,7.69627,7.69782,1.45,2.25
2012.01.13 15:00:56.646,7.69617,7.69782,1.50,2.25
2012.01.13 15:00:56.999,7.69594,7.69762,1.50,2.25
2012.01.13 15:00:57.141,7.69597,7.69762,1.45,2.25
2012.01.13 15:00:57.712,7.69607,7.69762,1.45,2.25
2012.01.13 15:00:58.459,7.69607,7.69773,1.45,2.25
2012.01.13 15:00:58.890,7.69607,7.69773,1.45,2.25
2012.01.13 15:00:59.428,7.6961,7.69773,1.50,2.25
2012.01.13 15:00:59.781,7.69607,7.69773,1.45,2.25
2012.01.13 15:01:00.426,7.69607,7.6976,1.45,1.50
2012.01.13 15:01:01.006,7.69607,7.69761,1.45,1.50
2012.01.13 15:01:01.186,7.69607,7.6977,1.45,1.50
2012.01.13 15:01:01.457,7.69607,7.6977,1.45,1.50
2012.01.13 15:01:01.768,7.69607,7.69762,1.45,2.25
2012.01.13 15:01:01.897,7.69596,7.69762,1.45,2.25
2012.01.13 15:01:01.967,7.69602,7.69762,1.08,3.00
2012.01.13 15:01:02.669,7.69588,7.69742,1.13,3.00
2012.01.13 15:01:02.747,7.69588,7.69742,1.13,3.00
2012.01.13 15:01:03.974,7.69599,7.69742,1.13,3.00
2012.01.13 15:01:05.425,7.69579,7.69762,1.50,3.06
2012.01.13 15:01:07.435,7.69616,7.69753,1.50,3.00
2012.01.13 15:01:07.698,7.69616,7.69772,1.50,1.50
2012.01.13 15:01:08.474,7.69603,7.69763,1.13,3.00
2012.01.13 15:01:08.986,7.69581,7.69763,1.50,3.00
2012.01.13 15:01:10.947,7.69573,7.69763,1.50,2.25
2012.01.13 15:01:11.017,7.69628,7.69764,3.00,1.50
2012.01.13 15:01:11.087,7.69628,7.69802,3.00,1.13
2012.01.13 15:01:12.157,7.69628,7.69802,3.00,1.13
2012.01.13 15:01:16.428,7.69636,7.69802,1.50,1.13
2012.01.13 15:01:17.279,7.69636,7.69802,1.50,1.13
2012.01.13 15:01:18.204,7.69636,7.69802,1.50,1.13
2012.01.13 15:01:18.458,7.69636,7.69775,1.50,1.50
2012.01.13 15:01:18.527,7.69613,7.69775,1.50,1.50
2012.01.13 15:01:18.599,7.69608,7.69775,1.45,1.50
2012.01.13 15:01:19.458,7.69608,7.69775,1.45,1.50
2012.01.13 15:01:19.658,7.69608,7.69754,1.45,1.50
2012.01.13 15:01:20.229,7.69608,7.69754,1.45,1.50
2012.01.13 15:01:21.589,7.69588,7.69754,1.50,1.50
2012.01.13 15:01:21.919,7.69588,7.69745,1.50,1.50
2012.01.13 15:01:22.426,7.69588,7.69745,1.50,1.50
2012.01.13 15:01:23.422,7.69592,7.69755,1.50,1.50
2012.01.13 15:01:23.519,7.69592,7.69737,1.50,1.50
2012.01.13 15:01:23.876,7.69592,7.69729,1.50,1.50
2012.01.13 15:01:24.238,7.69617,7.69729,1.13,2.25
2012.01.13 15:01:24.859,7.69616,7.69729,1.13,2.25
2012.01.13 15:01:24.922,7.69613,7.69729,1.13,2.25
2012.01.13 15:01:25.236,7.69613,7.69718,1.13,1.88
2012.01.13 15:01:25.942,7.69579,7.69718,1.50,1.88
2012.01.13 15:01:26.019,7.69572,7.697,1.13,2.25
2012.01.13 15:01:26.086,7.69571,7.697,1.13,2.25
2012.01.13 15:01:26.631,7.69571,7.697,1.50,1.50
2012.01.13 15:01:26.708,7.69612,7.69732,1.35,2.25
2012.01.13 15:01:26.781,7.69648,7.69793,3.00,1.13
2012.01.13 15:01:26.976,7.69648,7.69793,2.25,1.13
2012.01.13 15:01:27.049,7.69625,7.69726,1.45,1.50
2012.01.13 15:01:27.175,7.69559,7.69726,1.50,1.50
2012.01.13 15:01:27.319,7.69578,7.69737,2.25,1.50
2012.01.13 15:01:27.386,7.69587,7.69737,1.35,1.50
2012.01.13 15:01:27.459,7.69587,7.69767,1.35,1.50
2012.01.13 15:01:27.525,7.69587,7.69767,1.35,2.25
2012.01.13 15:01:27.857,7.69618,7.69767,2.25,2.25
2012.01.13 15:01:27.929,7.69618,7.69767,2.25,1.50
2012.01.13 15:01:28.870,7.69618,7.69774,2.25,2.25
2012.01.13 15:01:29.188,7.69648,7.69799,3.00,2.25
2012.01.13 15:01:29.260,7.69656,7.69799,1.50,1.50
2012.01.13 15:01:30.472,7.69668,7.69807,3.00,2.25
2012.01.13 15:01:31.024,7.69668,7.69818,3.00,1.13
2012.01.13 15:01:31.874,7.69748,7.69883,2.25,2.25
2012.01.13 15:01:31.947,7.69748,7.69883,2.25,1.50
2012.01.13 15:01:32.022,7.69748,7.69866,2.25,1.50
2012.01.13 15:01:32.099,7.69717,7.69866,2.85,1.50
2012.01.13 15:01:33.167,7.69717,7.69874,2.85,1.50
2012.01.13 15:01:33.239,7.69717,7.69898,2.85,1.50
2012.01.13 15:01:33.310,7.69717,7.69905,2.85,1.50
2012.01.13 15:01:33.378,7.69758,7.69905,2.25,1.50
2012.01.13 15:01:34.295,7.69758,7.69912,2.25,1.50
2012.01.13 15:01:34.736,7.69758,7.69893,2.25,1.50
2012.01.13 15:01:34.937,7.69727,7.69893,2.94,1.50
2012.01.13 15:01:35.125,7.69727,7.69893,2.25,1.50
2012.01.13 15:01:37.717,7.69727,7.69893,2.25,2.25
2012.01.13 15:01:38.911,7.69727,7.69869,3.00,2.25
2012.01.13 15:01:39.239,7.69733,7.69846,1.07,2.25
2012.01.13 15:01:39.440,7.69688,7.69846,3.00,2.25
2012.01.13 15:01:40.564,7.6975,7.69846,1.35,1.50
2012.01.13 15:01:40.714,7.69788,7.69904,2.25,1.50
2012.01.13 15:01:40.793,7.69747,7.69904,3.00,1.50
2012.01.13 15:01:41.437,7.69747,7.69912,2.25,1.50
2012.01.13 15:01:42.250,7.69747,7.69926,2.25,1.50
2012.01.13 15:01:42.325,7.69758,7.69926,2.25,1.50
2012.01.13 15:01:45.619,7.69758,7.69933,2.25,1.50
2012.01.13 15:01:46.451,7.69758,7.69942,2.25,1.50
2012.01.13 15:01:47.208,7.69758,7.69942,2.94,1.50
2012.01.13 15:01:47.847,7.69758,7.6995,2.94,1.50
2012.01.13 15:01:48.058,7.69758,7.6995,2.25,1.50
2012.01.13 15:01:50.082,7.69758,7.69941,2.25,1.50
2012.01.13 15:01:50.488,7.69758,7.69941,2.94,1.50
2012.01.13 15:01:50.621,7.69758,7.69941,2.25,1.50
2012.01.13 15:01:50.814,7.69758,7.69941,2.94,1.50
2012.01.13 15:01:55.838,7.69758,7.69955,2.94,1.50
2012.01.13 15:01:56.766,7.69797,7.69955,1.07,2.25
2012.01.13 15:01:57.524,7.69797,7.69943,1.07,2.25
2012.01.13 15:01:58.026,7.69787,7.69933,1.44,2.25
2012.01.13 15:02:19.686,7.69755,7.69954,2.25,1.88
2012.01.13 15:02:19.760,7.69678,7.69764,2.25,1.50
2012.01.13 15:02:19.833,7.69587,7.69739,1.13,1.50
2012.01.13 15:02:19.968,7.69517,7.69739,1.44,2.10
2012.01.13 15:02:20.042,7.69507,7.6974,1.07,2.16
2012.01.13 15:02:20.548,7.69476,7.69717,2.25,1.50
2012.01.13 15:02:20.927,7.69476,7.69677,2.25,2.25
2012.01.13 15:02:20.995,7.69476,7.69676,1.50,2.25
2012.01.13 15:02:21.067,7.69451,7.69652,1.50,1.56
2012.01.13 15:02:21.656,7.69461,7.6966,1.50,1.56
2012.01.13 15:02:23.587,7.69453,7.69652,1.50,1.56
2012.01.13 15:02:24.665,7.69453,7.69652,1.50,2.31
2012.01.13 15:02:26.149,7.69444,7.69643,1.88,2.25
2012.01.13 15:02:26.288,7.69447,7.69643,1.13,1.50
2012.01.13 15:02:26.529,7.69447,7.69643,1.13,1.50
2012.01.13 15:02:26.661,7.69447,7.69643,1.13,1.50
2012.01.13 15:02:26.733,7.69457,7.69643,1.50,2.25
2012.01.13 15:02:28.016,7.69548,7.69643,2.10,1.50
2012.01.13 15:02:28.160,7.69548,7.69678,2.10,1.50
2012.01.13 15:02:28.231,7.69528,7.69678,2.25,1.50
2012.01.13 15:02:28.304,7.69478,7.69678,1.30,1.50
2012.01.13 15:02:28.380,7.69494,7.69695,2.10,1.50
2012.01.13 15:02:28.510,7.69527,7.69706,2.85,2.25
2012.01.13 15:02:28.699,7.69581,7.6978,1.50,1.50
2012.01.13 15:02:28.768,7.69589,7.69788,1.50,1.50
2012.01.13 15:02:29.270,7.69638,7.69832,1.50,1.56
2012.01.13 15:02:29.838,7.69645,7.69836,1.50,1.56
2012.01.13 15:02:30.102,7.69638,7.69836,1.50,1.56
2012.01.13 15:02:30.251,7.69614,7.69801,1.50,2.25
2012.01.13 15:02:30.323,7.69614,7.69801,1.50,2.25
2012.01.13 15:02:30.399,7.696,7.69801,1.50,2.25
2012.01.13 15:02:31.343,7.69608,7.69809,1.50,2.31
2012.01.13 15:02:31.816,7.69608,7.69809,1.50,2.31
2012.01.13 15:02:32.410,7.6962,7.69819,1.50,2.31
2012.01.13 15:02:33.041,7.69611,7.69812,1.50,2.31
2012.01.13 15:02:33.746,7.69611,7.69812,1.50,2.31
2012.01.13 15:02:35.171,7.69622,7.69821,1.50,2.31
2012.01.13 15:02:41.017,7.69622,7.69788,1.50,1.35
2012.01.13 15:02:41.086,7.69582,7.69781,1.50,2.25
2012.01.13 15:02:41.336,7.69572,7.69771,1.50,1.50
2012.01.13 15:02:43.063,7.69572,7.69771,1.50,2.25
2012.01.13 15:02:43.764,7.69572,7.69771,1.50,2.25
2012.01.13 15:02:44.014,7.69563,7.69764,1.50,2.25
2012.01.13 15:02:44.737,7.69563,7.69764,1.50,2.25
2012.01.13 15:02:45.389,7.69563,7.69764,1.50,2.31
2012.01.13 15:02:45.463,7.69473,7.69672,1.50,1.56
2012.01.13 15:02:48.733,7.69473,7.69672,1.50,2.31
2012.01.13 15:02:48.809,7.69464,7.69665,1.50,2.25
2012.01.13 15:02:49.692,7.69464,7.69665,1.50,2.25
2012.01.13 15:02:49.764,7.69457,7.69649,1.13,1.50
2012.01.13 15:02:51.970,7.69457,7.69649,1.13,1.50
2012.01.13 15:02:55.621,7.69457,7.69641,1.13,1.50
2012.01.13 15:02:55.761,7.69457,7.69641,1.13,1.50
2012.01.13 15:02:57.345,7.69457,7.69641,1.13,1.50
2012.01.13 15:02:58.520,7.69457,7.69655,1.13,1.50
2012.01.13 15:02:59.484,7.69457,7.69655,1.13,1.50
2012.01.13 15:02:59.702,7.69454,7.69655,1.50,1.50
2012.01.13 15:02:59.782,7.69448,7.69636,1.13,1.50
2012.01.13 15:03:00.679,7.69427,7.69628,3.00,1.50
2012.01.13 15:03:02.805,7.69446,7.69645,1.88,1.50
2012.01.13 15:03:04.388,7.69437,7.69636,2.25,1.50
2012.01.13 15:03:04.466,7.69448,7.69644,1.13,1.50
2012.01.13 15:03:04.979,7.69445,7.69644,1.88,2.25
2012.01.13 15:03:05.049,7.69445,7.69644,1.88,2.25
2012.01.13 15:03:05.677,7.69445,7.69644,1.88,2.25
2012.01.13 15:03:06.271,7.69431,7.6963,2.25,1.50
2012.01.13 15:03:06.497,7.69478,7.6963,1.45,1.88
2012.01.13 15:03:11.175,7.69478,7.69652,1.45,1.13
2012.01.13 15:03:11.999,7.69493,7.69662,2.25,1.50
2012.01.13 15:03:12.610,7.69493,7.69652,2.25,1.13
2012.01.13 15:03:13.726,7.69493,7.69652,2.25,1.13
2012.01.13 15:03:14.076,7.69534,7.69703,2.25,1.13
2012.01.13 15:03:15.730,7.69542,7.69703,2.25,1.13
2012.01.13 15:03:18.147,7.69542,7.69712,2.25,1.50
2012.01.13 15:03:20.876,7.6955,7.69703,2.25,1.13
2012.01.13 15:03:25.697,7.69548,7.69712,2.25,1.50
2012.01.13 15:03:25.916,7.69548,7.69703,2.25,1.13
2012.01.13 15:03:30.734,7.6954,7.69713,2.25,1.50
2012.01.13 15:03:32.072,7.69548,7.69703,2.25,1.13
2012.01.13 15:03:32.207,7.69548,7.69712,2.25,1.50
2012.01.13 15:03:34.685,7.69548,7.69713,1.50,1.50
2012.01.13 15:03:34.996,7.69502,7.69701,2.25,2.25
2012.01.13 15:03:35.705,7.69477,7.69664,2.25,2.31
2012.01.13 15:03:37.246,7.6944,7.69639,2.25,2.10
2012.01.13 15:03:37.823,7.6943,7.69631,2.25,2.16
2012.01.13 15:03:37.907,7.69375,7.69574,2.25,1.56
2012.01.13 15:03:38.287,7.69366,7.69567,2.25,1.50
2012.01.13 15:03:38.647,7.69382,7.69567,1.45,1.50
2012.01.13 15:03:38.778,7.69457,7.69635,1.50,1.50
2012.01.13 15:03:40.686,7.69465,7.69664,1.50,2.25
2012.01.13 15:03:41.344,7.69465,7.69664,1.50,2.25
2012.01.13 15:03:45.791,7.69472,7.69672,1.50,1.50
2012.01.13 15:03:47.933,7.69482,7.69672,1.50,1.50
2012.01.13 15:03:48.311,7.69475,7.69672,1.50,1.50
2012.01.13 15:03:50.076,7.69464,7.69665,1.50,2.25
2012.01.13 15:03:51.199,7.69476,7.69672,1.50,1.50
2012.01.13 15:03:54.552,7.69484,7.69672,1.50,1.50
2012.01.13 15:03:55.379,7.69475,7.69674,1.50,2.25
2012.01.13 15:03:56.267,7.69466,7.69667,1.50,2.25
2012.01.13 15:03:56.691,7.69466,7.69667,1.50,2.25
2012.01.13 15:03:57.047,7.69476,7.69675,1.50,2.25
2012.01.13 15:03:57.923,7.69476,7.69675,1.50,2.25
2012.01.13 15:03:58.280,7.69466,7.69665,1.50,2.25
2012.01.13 15:03:58.467,7.69466,7.69665,1.50,2.25
2012.01.13 15:03:58.540,7.69482,7.69682,1.50,1.13
2012.01.13 15:03:58.848,7.69512,7.69683,2.10,1.50
2012.01.13 15:03:58.979,7.69512,7.697,2.10,1.56
2012.01.13 15:03:59.046,7.69499,7.697,1.50,1.56
2012.01.13 15:04:01.691,7.6951,7.69709,1.50,1.56
2012.01.13 15:04:02.735,7.6951,7.69709,1.50,2.31
2012.01.13 15:04:03.265,7.6951,7.69709,1.50,2.31
2012.01.13 15:04:04.169,7.6951,7.69709,2.19,2.31
2012.01.13 15:04:09.140,7.69507,7.69699,1.44,1.56
2012.01.13 15:04:10.955,7.6951,7.69709,2.19,2.31
2012.01.13 15:04:14.034,7.6951,7.69709,2.19,2.31
2012.01.13 15:04:17.656,7.69523,7.69699,1.29,1.56
2012.01.13 15:04:18.166,7.69498,7.69699,3.98,1.56
2012.01.13 15:04:18.834,7.69523,7.69681,1.35,1.50
2012.01.13 15:04:19.146,7.69496,7.69695,2.25,2.31
2012.01.13 15:04:19.217,7.69496,7.69695,2.25,2.31
2012.01.13 15:04:19.596,7.69542,7.69695,1.07,2.31
2012.01.13 15:04:23.495,7.69487,7.69688,2.25,2.25
2012.01.13 15:04:44.618,7.6952,7.69721,2.25,2.25
2012.01.13 15:04:45.054,7.69552,7.69751,2.25,2.25
2012.01.13 15:04:49.802,7.69535,7.69734,2.25,2.25
2012.01.13 15:04:50.118,7.69535,7.69734,2.25,2.25
2012.01.13 15:04:59.945,7.69522,7.69723,2.25,2.25
2012.01.13 15:05:00.267,7.69522,7.69723,2.25,2.25
2012.01.13 15:05:07.714,7.69554,7.69749,2.25,1.50
2012.01.13 15:05:09.059,7.69561,7.69745,2.25,1.50
2012.01.13 15:05:09.416,7.69553,7.69722,2.25,1.50
2012.01.13 15:05:13.793,7.69548,7.69712,1.50,2.25
2012.01.13 15:05:14.511,7.69528,7.69726,2.19,2.25
2012.01.13 15:05:15.306,7.69528,7.69707,1.44,2.25
2012.01.13 15:05:16.017,7.6953,7.69729,2.25,2.25
2012.01.13 15:05:18.180,7.69547,7.69682,1.13,1.50
2012.01.13 15:05:18.652,7.69547,7.69698,1.13,1.50
2012.01.13 15:05:19.458,7.69548,7.69716,1.50,2.25
2012.01.13 15:05:23.464,7.69548,7.69721,1.50,2.25
2012.01.13 15:05:24.403,7.69517,7.69713,1.44,2.25
2012.01.13 15:05:24.541,7.69538,7.69713,1.44,2.25
2012.01.13 15:05:31.027,7.69557,7.69703,1.07,2.25
2012.01.13 15:05:31.098,7.69547,7.69703,1.44,2.25
2012.01.13 15:05:36.477,7.69557,7.69724,1.07,2.25
2012.01.13 15:05:36.555,7.69567,7.69732,1.44,1.50
2012.01.13 15:05:38.852,7.69617,7.6976,1.44,1.13
2012.01.13 15:05:39.200,7.69617,7.69769,1.44,2.25
2012.01.13 15:05:39.716,7.69602,7.69752,1.07,2.25
2012.01.13 15:05:40.252,7.69588,7.69752,1.44,2.25
2012.01.13 15:05:42.956,7.69588,7.6975,1.44,1.50
2012.01.13 15:05:43.493,7.69599,7.69782,2.25,1.50
2012.01.13 15:05:43.644,7.69627,7.69774,1.07,2.25
2012.01.13 15:05:43.713,7.69588,7.69774,1.44,2.25
2012.01.13 15:05:46.943,7.69578,7.69754,1.44,2.25
2012.01.13 15:05:47.019,7.69578,7.69754,1.44,1.50
2012.01.13 15:05:47.221,7.69618,7.69783,1.44,1.18
2012.01.13 15:05:47.289,7.69618,7.69782,1.44,1.18
2012.01.13 15:05:48.199,7.69611,7.69793,2.25,1.50
2012.01.13 15:05:49.666,7.69577,7.69778,2.95,2.25
2012.01.13 15:05:49.917,7.69617,7.69803,1.45,2.25
2012.01.13 15:05:50.049,7.69631,7.6983,2.25,1.50
2012.01.13 15:05:50.239,7.69642,7.69841,2.25,2.25
2012.01.13 15:05:52.145,7.69642,7.69828,2.25,1.13
2012.01.13 15:05:52.408,7.69642,7.69841,1.50,2.25
2012.01.13 15:05:52.479,7.69651,7.69841,2.10,1.50
2012.01.13 15:05:53.080,7.69721,7.69902,2.20,1.13
2012.01.13 15:05:53.807,7.69728,7.69902,1.50,1.13
2012.01.13 15:05:54.944,7.69705,7.69874,2.20,1.50
2012.01.13 15:05:55.032,7.69675,7.69874,2.20,1.50
2012.01.13 15:05:55.780,7.69661,7.6985,1.45,1.50
2012.01.13 15:05:58.031,7.69659,7.69859,1.45,2.25
2012.01.13 15:05:58.791,7.69659,7.69859,1.45,2.25
2012.01.13 15:05:59.708,7.69659,7.69859,1.45,1.50
2012.01.13 15:06:00.359,7.69672,7.69873,2.20,2.25
2012.01.13 15:06:00.433,7.69677,7.69862,1.45,1.50
2012.01.13 15:06:02.176,7.6968,7.69881,2.25,2.25
2012.01.13 15:06:02.255,7.6968,7.69881,2.25,2.25
2012.01.13 15:06:03.198,7.69694,7.69862,2.25,1.50
2012.01.13 15:06:04.706,7.69694,7.69862,2.25,1.13
2012.01.13 15:06:10.998,7.69701,7.69873,2.25,1.50
2012.01.13 15:06:22.241,7.69703,7.69892,2.25,1.50
2012.01.13 15:06:31.721,7.69733,7.69932,2.25,3.00
2012.01.13 15:06:37.350,7.69757,7.69928,1.13,2.25
2012.01.13 15:06:37.914,7.69757,7.69911,1.13,2.25
2012.01.13 15:06:38.068,7.69757,7.69911,1.13,2.25
2012.01.13 15:06:38.611,7.69757,7.69911,1.13,2.25
2012.01.13 15:06:39.105,7.69757,7.69919,1.13,2.25
2012.01.13 15:06:40.493,7.69757,7.69898,1.13,2.25
2012.01.13 15:06:41.673,7.69757,7.69908,1.13,2.25
2012.01.13 15:06:43.012,7.69757,7.69908,1.13,2.25
2012.01.13 15:06:46.469,7.69732,7.69891,1.13,2.25
2012.01.13 15:06:46.537,7.69728,7.69891,1.13,2.25
2012.01.13 15:06:46.923,7.69728,7.69879,1.50,2.25
2012.01.13 15:06:56.228,7.69738,7.69911,1.50,2.32
2012.01.13 15:07:00.719,7.69721,7.69922,2.25,2.32
2012.01.13 15:07:12.214,7.6971,7.69911,2.25,2.32
2012.01.13 15:07:15.992,7.69727,7.69926,2.25,2.37
2012.01.13 15:07:17.191,7.69709,7.69908,2.25,2.32
2012.01.13 15:07:26.240,7.69708,7.69903,1.45,2.25
2012.01.13 15:07:32.947,7.69717,7.69918,2.25,2.32
2012.01.13 15:07:38.735,7.69717,7.69918,1.50,2.32
2012.01.13 15:07:38.814,7.69717,7.69867,1.50,2.10
2012.01.13 15:07:38.898,7.69708,7.69867,1.50,2.10
2012.01.13 15:07:39.113,7.69708,7.69867,1.50,2.17
2012.01.13 15:07:39.633,7.69708,7.69864,1.50,1.04
2012.01.13 15:07:40.229,7.69708,7.69864,1.50,1.04
2012.01.13 15:07:40.310,7.697,7.69863,1.50,1.04
2012.01.13 15:07:41.239,7.697,7.69863,1.50,1.04
2012.01.13 15:07:41.829,7.69675,7.69813,1.50,1.62
2012.01.13 15:07:41.901,7.6964,7.69813,1.13,1.62
2012.01.13 15:07:41.972,7.6963,7.69813,1.13,1.62
2012.01.13 15:07:42.111,7.6964,7.69813,1.13,1.62
2012.01.13 15:07:42.239,7.69639,7.69813,1.13,2.37
2012.01.13 15:07:42.310,7.69615,7.69813,1.50,2.37
2012.01.13 15:07:42.379,7.6964,7.69806,1.13,1.62
2012.01.13 15:07:42.718,7.69639,7.69811,1.50,1.62
2012.01.13 15:07:43.075,7.69639,7.69811,1.13,1.56
2012.01.13 15:07:43.627,7.6964,7.69811,1.50,1.56
2012.01.13 15:07:43.920,7.6964,7.69811,1.50,1.56
2012.01.13 15:07:44.051,7.69639,7.69811,1.50,1.56
2012.01.13 15:07:44.248,7.69639,7.69811,1.13,1.56
2012.01.13 15:07:44.420,7.69639,7.69811,1.50,1.56
2012.01.13 15:07:44.780,7.6964,7.69811,1.13,1.56
2012.01.13 15:07:45.516,7.69639,7.69805,1.13,1.62
2012.01.13 15:07:45.932,7.69627,7.69805,1.13,1.62
2012.01.13 15:07:46.252,7.69639,7.69805,1.13,1.62
2012.01.13 15:07:46.927,7.6963,7.69801,1.13,1.57
2012.01.13 15:07:47.052,7.69639,7.69806,1.50,1.62
2012.01.13 15:07:47.200,7.69639,7.69806,1.13,1.62
2012.01.13 15:07:47.270,7.69639,7.69806,1.13,1.56
2012.01.13 15:07:47.577,7.6964,7.69806,1.50,1.56
2012.01.13 15:07:47.649,7.6964,7.69806,1.50,1.56
2012.01.13 15:07:47.959,7.69639,7.69806,1.13,1.56
2012.01.13 15:07:48.367,7.6964,7.69806,1.50,1.56
2012.01.13 15:07:48.879,7.69639,7.69806,1.50,1.56
2012.01.13 15:07:49.019,7.69639,7.69806,1.13,1.56
2012.01.13 15:07:49.111,7.6964,7.69806,1.50,1.56
2012.01.13 15:07:49.240,7.6964,7.69806,1.13,1.56
2012.01.13 15:07:49.631,7.6964,7.69806,1.50,1.56
2012.01.13 15:07:49.806,7.69639,7.69806,1.50,1.56
2012.01.13 15:07:49.957,7.6964,7.69806,1.50,1.56
2012.01.13 15:07:50.871,7.6964,7.69806,1.13,1.56
2012.01.13 15:07:50.954,7.69652,7.69853,2.25,2.25
2012.01.13 15:07:52.943,7.69677,7.69878,1.50,2.25
2012.01.13 15:07:53.100,7.69654,7.69838,2.25,2.25
2012.01.13 15:07:53.247,7.69637,7.69819,2.25,1.35
2012.01.13 15:07:54.119,7.69639,7.69809,1.13,1.50
2012.01.13 15:07:54.208,7.6965,7.69819,1.50,1.35
2012.01.13 15:07:54.835,7.6965,7.69819,1.88,1.35
2012.01.13 15:07:55.043,7.6965,7.69819,1.50,1.35
2012.01.13 15:07:56.073,7.69659,7.69819,1.50,1.35
2012.01.13 15:07:57.143,7.69667,7.69819,1.50,1.35
2012.01.13 15:07:57.450,7.69671,7.69819,1.50,1.35
2012.01.13 15:07:57.800,7.69681,7.69819,1.50,1.35
2012.01.13 15:07:58.368,7.69683,7.69819,1.50,1.42
2012.01.13 15:07:58.575,7.69683,7.69819,1.50,1.42
2012.01.13 15:07:58.631,7.69664,7.69819,1.50,1.42
2012.01.13 15:07:58.844,7.69673,7.69819,1.50,1.42
2012.01.13 15:07:59.032,7.69652,7.69819,1.50,1.42
2012.01.13 15:07:59.753,7.69645,7.69814,1.50,1.57
2012.01.13 15:07:59.991,7.69636,7.69814,1.50,1.57
2012.01.13 15:08:00.462,7.69628,7.69814,2.25,1.57
2012.01.13 15:08:06.862,7.69612,7.69807,1.50,2.25
2012.01.13 15:08:07.496,7.69648,7.69807,1.08,2.25
2012.01.13 15:08:23.328,7.69595,7.69794,2.25,2.25
2012.01.13 15:08:29.867,7.69595,7.69794,2.25,2.25
2012.01.13 15:08:56.810,7.69625,7.69826,2.25,2.37
2012.01.13 15:09:05.169,7.69628,7.69829,2.95,2.25
2012.01.13 15:09:19.923,7.69682,7.69863,2.25,1.50
2012.01.13 15:09:20.505,7.69672,7.69836,2.25,1.13
2012.01.13 15:09:22.974,7.69657,7.69827,2.25,1.13
2012.01.13 15:09:23.056,7.69657,7.69836,2.25,1.13
2012.01.13 15:09:27.471,7.69647,7.69827,1.45,1.13
2012.01.13 15:09:27.695,7.6966,7.69836,2.25,1.13
2012.01.13 15:09:30.295,7.6967,7.69827,2.25,1.13
2012.01.13 15:09:30.504,7.6967,7.69863,2.25,1.50
2012.01.13 15:09:31.537,7.69719,7.69863,2.19,1.13
2012.01.13 15:09:31.809,7.69727,7.69894,1.39,2.25
2012.01.13 15:09:31.880,7.69727,7.69894,1.39,2.25
2012.01.13 15:09:32.236,7.69698,7.69862,1.07,1.13
2012.01.13 15:09:32.512,7.69698,7.69894,1.07,2.25
2012.01.13 15:09:33.070,7.69698,7.69863,1.07,1.13
2012.01.13 15:09:33.272,7.69698,7.69894,1.07,2.25
2012.01.13 15:09:33.420,7.69698,7.69894,1.07,2.25
2012.01.13 15:09:33.791,7.69698,7.69894,1.07,1.50
2012.01.13 15:09:33.859,7.69698,7.69894,1.07,1.88
2012.01.13 15:09:34.119,7.69698,7.69894,1.07,1.50
2012.01.13 15:09:34.816,7.69702,7.69901,2.19,1.88
2012.01.13 15:09:35.133,7.69702,7.69901,2.19,1.88
2012.01.13 15:09:35.212,7.69702,7.69901,2.19,1.88
2012.01.13 15:09:35.578,7.69702,7.69901,2.19,1.88
2012.01.13 15:09:35.647,7.69702,7.69901,2.19,1.88
2012.01.13 15:09:35.981,7.69702,7.69901,2.19,1.88
2012.01.13 15:09:36.109,7.69702,7.69901,2.19,1.50
2012.01.13 15:09:36.709,7.69702,7.69901,2.19,1.88
2012.01.13 15:09:36.803,7.69702,7.69901,2.19,1.88
2012.01.13 15:09:36.944,7.69702,7.69901,2.19,1.50
2012.01.13 15:09:37.023,7.69702,7.69901,2.19,1.88
2012.01.13 15:09:37.103,7.69702,7.69901,2.19,1.50
2012.01.13 15:09:39.568,7.6971,7.69909,2.19,1.50
2012.01.13 15:09:42.268,7.6971,7.69909,2.19,1.50
2012.01.13 15:09:45.798,7.69717,7.69918,2.19,1.50
2012.01.13 15:09:52.258,7.69717,7.69918,2.19,1.50
2012.01.13 15:09:53.947,7.69709,7.69908,2.19,1.50
2012.01.13 15:10:00.064,7.69698,7.69896,1.07,1.50
2012.01.13 15:10:00.149,7.69704,7.69903,2.19,1.50
2012.01.13 15:10:00.227,7.69704,7.69903,2.19,1.50
2012.01.13 15:10:01.662,7.69711,7.69912,2.19,1.50
2012.01.13 15:10:05.804,7.69701,7.69902,2.19,1.50
2012.01.13 15:10:06.294,7.6971,7.69911,2.19,1.50
2012.01.13 15:10:08.675,7.69719,7.6992,2.19,1.50
2012.01.13 15:10:08.794,7.69743,7.69944,1.50,1.56
2012.01.13 15:10:08.866,7.69722,7.69923,2.85,2.25
2012.01.13 15:10:09.199,7.69722,7.69923,2.85,2.25
2012.01.13 15:10:16.711,7.69757,7.69923,1.07,2.25
2012.01.13 15:10:17.417,7.69757,7.69929,1.07,2.25
2012.01.13 15:10:19.924,7.69748,7.6992,1.07,2.25
2012.01.13 15:10:20.639,7.69748,7.69911,1.07,2.25
2012.01.13 15:10:22.128,7.69773,7.69933,1.07,2.25
2012.01.13 15:10:22.207,7.69736,7.69933,1.50,2.25
2012.01.13 15:10:22.284,7.69773,7.69933,1.08,2.25
2012.01.13 15:10:25.167,7.69778,7.69932,1.45,2.25
2012.01.13 15:10:26.263,7.69778,7.69964,1.45,2.25
2012.01.13 15:10:30.326,7.69778,7.69953,1.45,2.25
2012.01.13 15:10:31.860,7.69778,7.69961,1.45,2.25
2012.01.13 15:10:34.008,7.69778,7.69961,1.45,2.25
2012.01.13 15:10:34.823,7.69793,7.69944,1.07,2.25
2012.01.13 15:10:36.393,7.69793,7.69944,1.07,2.25
2012.01.13 15:10:36.793,7.69793,7.69944,1.07,2.25
2012.01.13 15:10:37.911,7.69802,7.69956,1.07,2.25
2012.01.13 15:10:38.887,7.69802,7.69967,1.07,2.25
2012.01.13 15:10:39.186,7.69808,7.69958,1.07,2.25
2012.01.13 15:10:39.678,7.69813,7.69976,1.07,2.25
2012.01.13 15:10:39.992,7.69813,7.69984,1.07,1.35
2012.01.13 15:10:40.690,7.69828,7.69974,1.07,2.25
2012.01.13 15:10:41.198,7.69807,7.69983,1.07,2.25
2012.01.13 15:10:41.411,7.69807,7.6997,1.07,2.25
2012.01.13 15:10:41.601,7.69798,7.6997,1.07,2.25
2012.01.13 15:10:42.336,7.69787,7.6997,1.07,2.25
2012.01.13 15:10:42.419,7.69787,7.69962,1.07,2.25
2012.01.13 15:10:42.817,7.69787,7.69962,1.07,2.25
2012.01.13 15:10:43.352,7.69787,7.69962,1.07,2.25
2012.01.13 15:10:44.682,7.69787,7.69962,1.07,2.25
2012.01.13 15:10:45.617,7.69787,7.69962,1.07,2.25
2012.01.13 15:10:45.760,7.69787,7.69962,1.07,2.25
2012.01.13 15:10:46.139,7.69787,7.69962,1.07,2.25
2012.01.13 15:10:46.303,7.69787,7.69962,1.07,2.25
2012.01.13 15:10:46.441,7.69798,7.69962,1.07,2.25
2012.01.13 15:10:46.759,7.69807,7.69953,1.07,2.25
2012.01.13 15:10:47.458,7.69778,7.69962,1.45,2.25
2012.01.13 15:10:47.792,7.69778,7.69962,1.45,2.25
2012.01.13 15:10:50.949,7.69778,7.69959,1.45,2.25
2012.01.13 15:10:51.708,7.69778,7.69967,1.45,2.25
2012.01.13 15:10:54.619,7.69773,7.69967,1.08,2.25
2012.01.13 15:10:55.801,7.69778,7.69967,1.39,2.25
2012.01.13 15:10:57.452,7.69802,7.69967,1.07,2.25
2012.01.13 15:10:58.131,7.69802,7.69967,1.07,2.25
2012.01.13 15:10:58.507,7.69778,7.69972,1.39,2.25
2012.01.13 15:10:59.949,7.69778,7.69962,1.39,2.25
2012.01.13 15:11:01.454,7.69772,7.69933,1.08,1.35
2012.01.13 15:11:01.534,7.69772,7.69912,1.08,1.50
2012.01.13 15:11:01.879,7.69759,7.6996,2.19,1.50
2012.01.13 15:11:02.028,7.69759,7.6996,2.16,1.50
2012.01.13 15:11:02.633,7.69759,7.6996,2.19,1.50
2012.01.13 15:11:02.924,7.69751,7.69952,2.19,1.50
2012.01.13 15:11:03.336,7.6976,7.69961,2.19,1.50
2012.01.13 15:11:04.071,7.69753,7.69952,2.19,1.50
2012.01.13 15:11:04.152,7.69765,7.69964,2.19,1.50
2012.01.13 15:11:04.436,7.69756,7.69957,1.50,1.50
2012.01.13 15:11:05.518,7.69764,7.69965,1.50,1.50
2012.01.13 15:11:05.599,7.69757,7.69956,1.50,1.50
2012.01.13 15:11:06.416,7.69747,7.69946,1.50,1.50
2012.01.13 15:11:07.051,7.69747,7.69936,1.50,1.35
2012.01.13 15:11:07.139,7.697,7.69901,1.50,1.50
2012.01.13 15:11:07.351,7.697,7.69901,1.88,1.50
2012.01.13 15:11:07.700,7.697,7.69901,1.50,1.50
2012.01.13 15:11:09.337,7.69693,7.69892,1.88,1.50
2012.01.13 15:11:09.665,7.69693,7.69892,1.50,1.50
2012.01.13 15:11:09.740,7.69693,7.69878,1.88,2.10
2012.01.13 15:11:10.346,7.69687,7.69866,1.08,1.35
2012.01.13 15:11:10.493,7.69687,7.69866,1.08,1.35
2012.01.13 15:11:10.692,7.69682,7.69866,2.20,1.35
2012.01.13 15:11:11.025,7.69687,7.69866,1.08,1.35
2012.01.13 15:11:11.714,7.69691,7.69866,1.88,1.35
2012.01.13 15:11:11.850,7.69682,7.69853,1.88,1.41
2012.01.13 15:11:12.064,7.6964,7.69841,1.88,1.50
2012.01.13 15:11:12.139,7.6964,7.69841,1.50,1.50
2012.01.13 15:11:12.374,7.69631,7.69832,1.88,1.50
2012.01.13 15:11:12.523,7.69631,7.69832,1.50,1.50
2012.01.13 15:11:13.293,7.69631,7.69832,1.88,1.50
2012.01.13 15:11:13.612,7.69631,7.69832,1.88,1.50
2012.01.13 15:11:13.681,7.69631,7.69832,1.50,1.50
2012.01.13 15:11:13.812,7.69631,7.69832,1.88,1.50
2012.01.13 15:11:14.915,7.69621,7.69822,1.88,1.50
2012.01.13 15:11:15.215,7.69621,7.69822,1.88,1.50
2012.01.13 15:11:15.292,7.69621,7.69822,1.50,1.50
2012.01.13 15:11:15.359,7.69621,7.69822,1.88,1.50
2012.01.13 15:11:15.493,7.69621,7.69822,1.88,1.50
2012.01.13 15:11:15.821,7.69621,7.69822,1.50,1.50
2012.01.13 15:11:16.512,7.69666,7.69822,1.07,1.50
2012.01.13 15:11:16.656,7.6963,7.69829,2.19,1.50
2012.01.13 15:11:17.255,7.69657,7.69841,1.07,1.50
2012.01.13 15:11:18.660,7.6967,7.69841,1.07,1.50
2012.01.13 15:11:18.701,7.69638,7.69837,2.19,1.50
2012.01.13 15:11:21.909,7.69666,7.69829,1.07,1.50
2012.01.13 15:11:23.912,7.69668,7.69829,1.07,2.25
2012.01.13 15:11:24.251,7.69652,7.6982,1.07,2.25
2012.01.13 15:11:24.319,7.69672,7.6982,1.07,2.25
2012.01.13 15:11:31.920,7.69652,7.69808,1.07,2.25
2012.01.13 15:11:33.330,7.69652,7.69797,1.07,2.25
2012.01.13 15:11:33.603,7.69652,7.69797,1.07,2.25
2012.01.13 15:11:33.757,7.69672,7.69808,1.07,2.25
2012.01.13 15:11:33.835,7.69672,7.69808,1.07,2.25
2012.01.13 15:11:34.691,7.69607,7.69808,2.25,2.25
2012.01.13 15:11:34.766,7.69598,7.69797,2.95,2.25
2012.01.13 15:11:36.296,7.69653,7.6983,1.07,2.25
2012.01.13 15:11:36.491,7.69658,7.69853,1.39,1.88
2012.01.13 15:11:41.801,7.6967,7.69863,1.50,1.50
2012.01.13 15:11:41.876,7.69662,7.69863,1.50,3.00
2012.01.13 15:11:42.139,7.69662,7.69863,2.19,3.00
2012.01.13 15:11:45.276,7.69674,7.69872,2.19,1.13
2012.01.13 15:11:45.921,7.69688,7.69873,1.39,1.50
2012.01.13 15:11:45.994,7.69688,7.69881,1.39,1.50
2012.01.13 15:11:46.741,7.69688,7.69874,1.39,1.50
2012.01.13 15:11:47.629,7.69688,7.69884,1.39,1.88
2012.01.13 15:11:49.220,7.69688,7.69851,1.39,1.50
2012.01.13 15:11:49.599,7.69688,7.69851,1.39,2.25
2012.01.13 15:11:49.739,7.69677,7.69861,2.20,1.35
2012.01.13 15:11:50.051,7.69683,7.69835,1.08,2.25
2012.01.13 15:11:50.125,7.69623,7.69822,2.25,2.25
2012.01.13 15:11:50.543,7.69683,7.69835,1.07,2.25
2012.01.13 15:11:51.097,7.69683,7.69842,1.07,2.25
2012.01.13 15:11:51.182,7.69678,7.69861,1.39,1.35
2012.01.13 15:11:53.052,7.69665,7.69852,2.20,2.25
2012.01.13 15:11:53.960,7.69638,7.69828,1.08,2.25
2012.01.13 15:11:54.612,7.69678,7.69846,1.39,1.50
2012.01.13 15:11:55.211,7.69678,7.69846,1.39,1.50
2012.01.13 15:11:57.824,7.69683,7.69851,1.07,2.25
2012.01.13 15:11:58.045,7.69678,7.69822,1.45,2.25
2012.01.13 15:12:15.267,7.69608,7.69807,2.95,2.25
2012.01.13 15:12:18.972,7.69672,7.69807,1.07,2.25
2012.01.13 15:12:19.489,7.69608,7.69807,2.95,2.25
2012.01.13 15:12:19.739,7.69672,7.69807,1.07,2.25
2012.01.13 15:12:21.449,7.69608,7.69807,2.95,2.25
2012.01.13 15:12:21.780,7.69672,7.6983,1.07,2.25
2012.01.13 15:12:30.079,7.69617,7.69818,2.25,2.25
2012.01.13 15:12:34.120,7.69672,7.69825,1.07,2.25
2012.01.13 15:12:34.748,7.69682,7.69825,1.07,2.25
2012.01.13 15:12:35.715,7.69672,7.69825,1.07,2.25
2012.01.13 15:12:38.949,7.69677,7.69818,1.07,2.25
2012.01.13 15:12:39.236,7.69677,7.69818,1.07,2.25
2012.01.13 15:12:39.971,7.69687,7.69818,1.07,2.25
2012.01.13 15:12:40.668,7.69687,7.69826,1.07,2.25
2012.01.13 15:12:40.796,7.69687,7.69826,1.07,2.25
2012.01.13 15:12:40.926,7.69692,7.69826,1.07,2.25
2012.01.13 15:12:41.404,7.69692,7.69826,1.07,2.25
2012.01.13 15:12:42.272,7.69625,7.69826,2.25,2.25
2012.01.13 15:12:42.353,7.69655,7.69856,2.25,2.25
2012.01.13 15:12:43.022,7.69648,7.69847,2.25,2.25
2012.01.13 15:12:44.001,7.69662,7.69855,2.25,1.50
2012.01.13 15:12:45.569,7.69668,7.69842,1.45,2.25
2012.01.13 15:12:46.167,7.69633,7.69834,2.25,2.25
2012.01.13 15:12:46.490,7.69621,7.69822,2.25,2.25
2012.01.13 15:13:14.868,7.69663,7.69811,1.07,2.25
2012.01.13 15:13:15.444,7.69617,7.69811,1.45,2.25
2012.01.13 15:13:26.656,7.69663,7.69812,1.13,2.25
2012.01.13 15:13:26.788,7.69663,7.69812,1.13,2.25
2012.01.13 15:13:27.411,7.69663,7.69812,1.13,2.25
2012.01.13 15:13:27.917,7.69662,7.69812,1.13,2.25
2012.01.13 15:13:31.839,7.69663,7.69812,1.13,2.25
2012.01.13 15:13:31.971,7.69663,7.69812,1.13,2.25
2012.01.13 15:13:32.044,7.69663,7.69812,1.13,2.25
2012.01.13 15:13:32.547,7.69663,7.69812,1.13,2.25
2012.01.13 15:13:33.345,7.69663,7.69812,1.13,2.25
2012.01.13 15:13:35.414,7.69663,7.69812,1.13,2.25
2012.01.13 15:13:36.214,7.69658,7.69812,1.50,2.25
2012.01.13 15:13:52.257,7.69663,7.6983,1.07,2.25
2012.01.13 15:13:56.239,7.69613,7.6981,1.50,2.25
2012.01.13 15:13:57.189,7.69663,7.69817,1.07,2.25
2012.01.13 15:13:58.080,7.69618,7.69817,2.25,2.25
2012.01.13 15:14:19.187,7.69707,7.69822,2.10,2.25
2012.01.13 15:14:19.264,7.69707,7.69813,2.10,1.50
2012.01.13 15:14:19.341,7.69732,7.69813,1.30,1.50
2012.01.13 15:14:19.413,7.69732,7.69902,1.30,1.13
2012.01.13 15:14:19.493,7.69732,7.69931,1.30,2.25
2012.01.13 15:14:19.642,7.6973,7.69907,2.20,1.35
2012.01.13 15:14:19.963,7.6966,7.6986,1.35,1.50
2012.01.13 15:14:20.590,7.69701,7.699,2.20,1.50
2012.01.13 15:14:21.173,7.69708,7.69909,2.20,1.50
2012.01.13 15:14:24.196,7.69716,7.69917,1.50,1.50
2012.01.13 15:14:29.664,7.69703,7.69904,2.20,1.50
2012.01.13 15:14:33.091,7.69718,7.69917,1.50,1.50
2012.01.13 15:14:33.443,7.6971,7.69909,1.50,1.50
2012.01.13 15:14:36.358,7.69706,7.69905,2.20,1.50
2012.01.13 15:14:37.128,7.69696,7.69895,2.20,1.50
2012.01.13 15:14:40.490,7.69704,7.69905,2.20,1.50
2012.01.13 15:14:42.435,7.69721,7.6992,1.50,1.50
2012.01.13 15:14:42.581,7.69712,7.69913,1.50,1.50
2012.01.13 15:14:44.405,7.69721,7.6992,1.50,1.50
2012.01.13 15:14:46.501,7.69712,7.69911,1.50,1.50
2012.01.13 15:14:46.835,7.69712,7.69911,2.25,2.25
2012.01.13 15:14:47.716,7.69712,7.69911,1.88,2.25
2012.01.13 15:14:49.605,7.69733,7.69932,1.50,3.00
2012.01.13 15:14:49.683,7.69723,7.69922,1.50,2.25
2012.01.13 15:14:49.884,7.69715,7.69914,1.50,2.25
2012.01.13 15:14:50.089,7.69723,7.69922,1.50,2.25
2012.01.13 15:14:51.877,7.69723,7.69922,2.25,2.25
2012.01.13 15:14:52.023,7.69723,7.69922,2.25,2.25
2012.01.13 15:14:52.958,7.69723,7.69922,1.50,2.25
2012.01.13 15:14:55.474,7.69731,7.6993,1.50,2.25
2012.01.13 15:15:03.609,7.69741,7.69934,1.50,1.50
2012.01.13 15:15:06.976,7.69733,7.69932,2.19,2.25
2012.01.13 15:15:09.685,7.69744,7.69934,1.50,1.50
2012.01.13 15:15:09.983,7.69736,7.69934,2.19,1.50
2012.01.13 15:15:13.529,7.69736,7.69934,2.19,1.50
2012.01.13 15:15:13.881,7.69736,7.69934,2.19,1.50
2012.01.13 15:15:15.230,7.69728,7.69927,1.50,2.25
2012.01.13 15:15:16.960,7.69728,7.69927,2.19,2.25
2012.01.13 15:15:18.763,7.69742,7.69934,1.50,1.50
2012.01.13 15:15:22.009,7.69719,7.69919,1.50,2.25
2012.01.13 15:15:22.555,7.69718,7.69919,1.50,2.25
2012.01.13 15:15:24.723,7.69727,7.69928,1.50,2.25
2012.01.13 15:15:25.365,7.69741,7.69934,1.50,1.50
2012.01.13 15:15:28.373,7.69732,7.69931,1.50,2.25
2012.01.13 15:15:29.497,7.69745,7.69934,1.50,1.50
2012.01.13 15:15:30.008,7.69736,7.69934,1.50,1.50
2012.01.13 15:15:31.752,7.69723,7.69924,1.50,2.25
2012.01.13 15:15:33.737,7.69732,7.69933,1.50,2.25
2012.01.13 15:15:34.536,7.69742,7.69934,1.50,1.50
2012.01.13 15:15:35.984,7.69733,7.69932,1.50,2.25
2012.01.13 15:15:36.079,7.69742,7.69934,1.50,1.50
2012.01.13 15:15:36.414,7.69751,7.69934,1.50,1.50
2012.01.13 15:15:37.568,7.69743,7.69934,1.50,1.50
2012.01.13 15:15:37.866,7.69734,7.69934,1.50,1.50
2012.01.13 15:15:38.535,7.69751,7.69934,1.50,1.50
2012.01.13 15:15:38.609,7.69751,7.69934,1.50,1.50
2012.01.13 15:15:38.944,7.6974,7.69934,1.50,1.50
2012.01.13 15:15:39.028,7.69752,7.69934,1.50,1.50
2012.01.13 15:15:39.207,7.69744,7.69934,1.50,1.50
2012.01.13 15:15:41.133,7.69735,7.69934,1.50,3.00
2012.01.13 15:15:42.416,7.69719,7.6992,1.50,2.25
2012.01.13 15:15:43.515,7.69719,7.6992,1.50,2.25
2012.01.13 15:15:45.296,7.69728,7.69927,1.50,2.25
2012.01.13 15:15:45.630,7.69728,7.69927,1.50,2.25
2012.01.13 15:15:46.163,7.6972,7.69919,1.50,2.25
2012.01.13 15:15:46.877,7.6972,7.69919,1.50,2.25
2012.01.13 15:15:47.787,7.6972,7.69919,1.50,2.25
2012.01.13 15:15:48.461,7.69728,7.69897,1.50,1.50
2012.01.13 15:15:48.675,7.69712,7.69897,1.50,1.50
2012.01.13 15:15:48.756,7.69719,7.69897,1.50,1.50
2012.01.13 15:15:48.908,7.69711,7.69886,1.50,1.50
2012.01.13 15:15:49.781,7.69711,7.69886,1.50,1.50
2012.01.13 15:15:49.999,7.69653,7.69852,2.25,2.31
2012.01.13 15:15:51.374,7.69638,7.69835,1.44,2.25
2012.01.13 15:15:52.252,7.69645,7.69845,2.25,1.50
2012.01.13 15:15:54.134,7.69668,7.69842,2.25,1.13
2012.01.13 15:15:54.426,7.69668,7.69867,2.25,2.31
2012.01.13 15:15:55.515,7.69658,7.69832,1.44,1.50
2012.01.13 15:15:55.808,7.69658,7.69813,1.44,1.50
2012.01.13 15:15:56.375,7.69658,7.69805,1.44,1.50
2012.01.13 15:15:57.673,7.69658,7.69796,1.44,1.50
2012.01.13 15:15:58.578,7.69658,7.69804,1.44,1.50
2012.01.13 15:15:58.993,7.69658,7.69821,1.44,1.50
2012.01.13 15:16:01.693,7.69648,7.69812,1.44,1.50
2012.01.13 15:16:02.052,7.69637,7.69821,1.44,1.50
2012.01.13 15:16:02.998,7.69627,7.69821,1.44,1.50
2012.01.13 15:16:03.081,7.69629,7.6983,1.50,1.50
2012.01.13 15:16:03.223,7.69629,7.69828,1.50,2.25
2012.01.13 15:16:03.551,7.69603,7.69804,2.20,1.50
2012.01.13 15:16:05.385,7.69598,7.69793,1.08,1.50
2012.01.13 15:16:07.956,7.69598,7.69783,1.08,1.50
2012.01.13 15:16:10.037,7.69608,7.69783,1.45,1.50
2012.01.13 15:16:11.692,7.69608,7.69783,1.45,1.50
2012.01.13 15:16:11.761,7.69635,7.69808,1.50,1.50
2012.01.13 15:16:11.828,7.69635,7.69821,1.50,1.50
2012.01.13 15:16:12.043,7.69635,7.69821,1.50,1.50
2012.01.13 15:16:12.183,7.69657,7.69834,1.39,1.50
2012.01.13 15:16:12.749,7.69657,7.69842,1.39,1.50
2012.01.13 15:16:16.864,7.69657,7.69835,1.39,1.50
2012.01.13 15:16:17.931,7.69657,7.69842,1.39,1.50
2012.01.13 15:16:22.708,7.69657,7.6985,1.39,1.50
2012.01.13 15:16:24.331,7.69657,7.69843,1.39,1.50
2012.01.13 15:16:25.302,7.69657,7.69855,1.39,1.50
2012.01.13 15:16:27.666,7.69662,7.69822,2.20,2.25
2012.01.13 15:16:27.998,7.69686,7.69822,1.50,2.25
2012.01.13 15:16:28.420,7.69686,7.69822,1.50,2.85
2012.01.13 15:16:28.695,7.69538,7.69763,1.44,1.50
2012.01.13 15:16:28.774,7.69538,7.69759,1.44,1.50
2012.01.13 15:16:28.909,7.69537,7.69764,1.44,1.56
2012.01.13 15:16:28.984,7.69541,7.6976,2.25,1.50
2012.01.13 15:16:29.882,7.69588,7.6976,1.44,1.50
2012.01.13 15:16:30.470,7.69588,7.69752,1.44,1.50
2012.01.13 15:16:30.784,7.69588,7.69752,1.44,1.50
2012.01.13 15:16:31.930,7.69553,7.69752,2.25,1.50
2012.01.13 15:16:32.000,7.69527,7.69747,1.44,1.50
2012.01.13 15:16:32.680,7.69507,7.69739,1.44,1.50
2012.01.13 15:16:32.934,7.69507,7.69735,1.44,1.50
2012.01.13 15:16:33.503,7.69498,7.69722,1.44,1.50
2012.01.13 15:16:33.989,7.69477,7.69703,1.44,1.50
2012.01.13 15:16:34.532,7.69458,7.69702,2.25,1.50
2012.01.13 15:16:35.015,7.69452,7.69711,2.25,1.50
2012.01.13 15:16:35.423,7.69432,7.69711,2.25,1.56
2012.01.13 15:16:35.668,7.69469,7.69668,2.25,1.50
2012.01.13 15:16:36.354,7.69459,7.6966,2.25,1.50
2012.01.13 15:16:37.318,7.69472,7.69671,2.25,1.50
2012.01.13 15:16:37.472,7.69448,7.69667,1.44,1.50
2012.01.13 15:16:37.757,7.69448,7.69677,1.44,1.50
2012.01.13 15:16:37.835,7.69448,7.69677,1.44,1.50
2012.01.13 15:16:37.919,7.69468,7.69665,1.44,1.50
2012.01.13 15:16:38.473,7.69468,7.6969,1.44,1.50
2012.01.13 15:16:38.562,7.69477,7.69652,1.44,1.50
2012.01.13 15:16:38.780,7.69462,7.69661,2.25,1.50
2012.01.13 15:16:38.858,7.69462,7.69661,2.25,1.50
2012.01.13 15:16:39.205,7.69443,7.69669,2.25,1.50
2012.01.13 15:16:39.351,7.69445,7.69666,2.25,1.57
2012.01.13 15:16:39.930,7.69445,7.69656,2.25,1.56
2012.01.13 15:16:40.010,7.69421,7.69705,2.25,1.56
2012.01.13 15:16:40.150,7.69446,7.69647,2.25,1.50
2012.01.13 15:16:40.830,7.69446,7.69647,2.25,1.50
2012.01.13 15:16:41.566,7.6944,7.69639,2.25,1.50
2012.01.13 15:16:41.853,7.69452,7.69651,2.25,1.50
2012.01.13 15:16:41.932,7.69452,7.69651,1.50,1.50
2012.01.13 15:16:42.217,7.6946,7.69661,2.25,1.56
2012.01.13 15:16:42.561,7.69554,7.69712,1.50,1.13
2012.01.13 15:16:43.135,7.6953,7.69729,1.50,1.93
2012.01.13 15:16:43.272,7.6953,7.69729,1.50,1.56
2012.01.13 15:16:43.502,7.6953,7.69729,1.50,1.93
2012.01.13 15:16:43.573,7.6953,7.69729,1.50,1.93
2012.01.13 15:16:43.639,7.6953,7.69729,1.50,1.93
2012.01.13 15:16:43.839,7.6953,7.69729,1.50,1.93
2012.01.13 15:16:44.123,7.6953,7.69729,1.50,1.56
2012.01.13 15:16:46.467,7.69521,7.69722,1.50,1.50
2012.01.13 15:16:46.546,7.69536,7.69735,1.50,2.31
2012.01.13 15:16:48.068,7.69527,7.69728,1.50,1.56
2012.01.13 15:16:48.740,7.6956,7.69752,1.50,2.31
2012.01.13 15:16:48.819,7.6956,7.69759,1.50,2.25
2012.01.13 15:16:48.892,7.69568,7.69762,1.50,1.13
2012.01.13 15:16:49.620,7.6958,7.69762,1.50,1.13
2012.01.13 15:16:49.975,7.69571,7.69762,1.50,1.13
2012.01.13 15:16:50.309,7.69561,7.69762,1.50,2.63
2012.01.13 15:16:50.454,7.69561,7.69729,1.50,2.10
2012.01.13 15:16:50.535,7.69554,7.69729,2.20,2.10
2012.01.13 15:16:50.614,7.69554,7.69729,1.50,2.16
2012.01.13 15:16:51.189,7.69508,7.69707,1.50,2.25
2012.01.13 15:16:51.268,7.69516,7.69712,1.50,3.00
2012.01.13 15:16:51.622,7.69516,7.69712,1.50,3.00
2012.01.13 15:16:52.568,7.69582,7.6978,1.50,1.13
2012.01.13 15:16:52.859,7.69582,7.69783,1.50,2.25
2012.01.13 15:16:53.146,7.69582,7.6978,1.50,1.13
2012.01.13 15:16:53.223,7.69582,7.69783,1.50,1.88
2012.01.13 15:16:53.302,7.69582,7.69783,1.50,1.88
2012.01.13 15:16:53.807,7.69582,7.69722,1.50,2.25
2012.01.13 15:16:54.097,7.69541,7.69682,2.20,2.10
2012.01.13 15:16:54.643,7.69541,7.69722,2.20,2.25
2012.01.13 15:16:55.352,7.69551,7.69723,1.50,3.00
2012.01.13 15:16:56.179,7.69551,7.69702,1.50,2.25
2012.01.13 15:16:56.252,7.69543,7.69702,2.20,2.25
2012.01.13 15:16:57.872,7.69557,7.69702,1.50,2.25
2012.01.13 15:16:58.440,7.69544,7.69702,2.20,2.25
2012.01.13 15:16:59.320,7.69561,7.69702,1.50,2.25
2012.01.13 15:16:59.978,7.69561,7.69756,1.50,1.19
2012.01.13 15:17:00.077,7.69576,7.69775,1.50,1.50
2012.01.13 15:17:00.347,7.69576,7.69775,1.50,1.88
2012.01.13 15:17:00.479,7.69576,7.69775,1.50,1.88
2012.01.13 15:17:00.618,7.69576,7.69775,1.50,1.50
2012.01.13 15:17:00.751,7.69576,7.69775,1.50,1.88
2012.01.13 15:17:00.890,7.69576,7.69775,1.50,1.50
2012.01.13 15:17:07.509,7.69564,7.69763,1.50,1.50
2012.01.13 15:17:07.660,7.69572,7.69773,1.50,1.50
2012.01.13 15:17:08.339,7.69562,7.69763,1.50,1.50
2012.01.13 15:17:09.313,7.69562,7.69763,2.19,1.50
2012.01.13 15:17:11.510,7.69571,7.6977,2.19,1.50
2012.01.13 15:17:12.427,7.69571,7.69684,1.50,2.10
2012.01.13 15:17:12.573,7.69551,7.69684,2.94,2.10
2012.01.13 15:17:12.783,7.69551,7.69684,1.50,2.10
2012.01.13 15:17:14.230,7.69537,7.69684,2.20,2.10
2012.01.13 15:17:16.213,7.69537,7.69723,2.20,2.25
2012.01.13 15:17:16.299,7.69537,7.69702,2.20,2.25
2012.01.13 15:17:16.962,7.69537,7.69723,2.20,3.00
2012.01.13 15:17:17.452,7.6954,7.69718,2.20,1.13
2012.01.13 15:17:18.057,7.6954,7.69722,2.20,3.00
2012.01.13 15:17:18.132,7.6954,7.69722,2.20,3.00
2012.01.13 15:17:18.711,7.6954,7.69713,2.20,1.13
2012.01.13 15:17:18.960,7.6954,7.69718,2.20,1.13
2012.01.13 15:17:20.050,7.69541,7.69713,2.20,1.13
2012.01.13 15:17:20.249,7.6955,7.69713,1.50,1.13
2012.01.13 15:17:20.318,7.6955,7.69713,1.50,1.13
2012.01.13 15:17:20.669,7.69542,7.69712,2.20,3.00
2012.01.13 15:17:21.952,7.69551,7.69712,1.50,3.00
2012.01.13 15:17:22.309,7.69543,7.69712,2.20,3.00
2012.01.13 15:17:23.488,7.69554,7.69712,1.50,3.00
2012.01.13 15:17:23.568,7.69546,7.69712,2.20,3.38
2012.01.13 15:17:26.308,7.69546,7.6971,1.50,1.13
2012.01.13 15:17:26.454,7.69546,7.69683,1.50,1.50
2012.01.13 15:17:26.537,7.69388,7.69659,1.44,1.50
2012.01.13 15:17:26.756,7.69348,7.69639,2.25,1.50
2012.01.13 15:17:28.016,7.69376,7.69597,2.25,1.50
2012.01.13 15:17:28.342,7.69397,7.69572,1.44,1.50
2012.01.13 15:17:28.413,7.69397,7.69561,1.44,1.50
2012.01.13 15:17:28.491,7.69397,7.69573,1.44,1.50
2012.01.13 15:17:28.630,7.69397,7.69573,1.44,1.50
2012.01.13 15:17:28.762,7.69406,7.69573,1.44,1.50
2012.01.13 15:17:29.871,7.69406,7.69573,1.44,1.50
2012.01.13 15:17:30.079,7.69406,7.69573,1.44,1.50
2012.01.13 15:17:32.149,7.69488,7.69573,3.00,1.50
2012.01.13 15:17:32.235,7.69568,7.69783,1.39,1.50
2012.01.13 15:17:32.320,7.69568,7.69783,1.39,1.50
2012.01.13 15:17:32.804,7.69568,7.69783,1.39,2.10
2012.01.13 15:17:32.884,7.69568,7.69783,1.39,2.10
2012.01.13 15:17:32.961,7.69556,7.69775,2.20,2.10
2012.01.13 15:17:33.160,7.69556,7.6976,2.20,1.35
2012.01.13 15:17:33.740,7.69556,7.69713,2.20,2.25
2012.01.13 15:17:36.136,7.69559,7.69713,2.20,3.00
2012.01.13 15:17:36.955,7.69544,7.69713,2.20,3.38
2012.01.13 15:17:37.033,7.69544,7.69681,1.50,1.50
2012.01.13 15:17:37.118,7.69459,7.69658,1.44,1.50
2012.01.13 15:17:37.547,7.69447,7.69658,1.44,1.50
2012.01.13 15:17:37.900,7.69454,7.69658,1.44,1.50
2012.01.13 15:17:38.652,7.69454,7.69648,1.44,1.50
2012.01.13 15:17:39.208,7.69454,7.69647,1.44,1.50
2012.01.13 15:17:39.284,7.69447,7.69652,1.44,1.50
2012.01.13 15:17:39.436,7.69447,7.69652,1.44,1.56
2012.01.13 15:17:40.107,7.69444,7.69605,1.44,1.50
2012.01.13 15:17:40.321,7.69444,7.69605,1.44,1.50
2012.01.13 15:17:40.980,7.69444,7.69605,1.44,1.50
2012.01.13 15:17:41.179,7.69444,7.69605,1.44,1.50
2012.01.13 15:17:42.029,7.69442,7.69605,1.44,1.50
2012.01.13 15:17:42.313,7.69428,7.69605,1.44,1.50
2012.01.13 15:17:42.385,7.69428,7.69605,1.44,1.50
2012.01.13 15:17:43.479,7.69406,7.69605,2.19,1.50
2012.01.13 15:17:43.626,7.69398,7.69597,2.19,1.50
2012.01.13 15:17:43.976,7.69527,7.69721,1.39,1.13
2012.01.13 15:17:44.321,7.69578,7.69727,1.39,1.13
2012.01.13 15:17:44.462,7.69598,7.69822,1.39,1.13
2012.01.13 15:17:46.479,7.69568,7.69767,1.50,1.56
2012.01.13 15:17:46.556,7.69543,7.69731,1.50,1.56
2012.01.13 15:17:46.636,7.6953,7.69731,2.10,1.56
2012.01.13 15:17:46.847,7.69531,7.69731,1.29,1.56
2012.01.13 15:17:47.260,7.6953,7.69731,2.19,1.56
2012.01.13 15:17:47.981,7.6953,7.69731,2.19,2.31
2012.01.13 15:17:48.059,7.69522,7.69721,2.19,2.25
2012.01.13 15:17:48.275,7.69522,7.69721,2.19,2.25
2012.01.13 15:17:48.350,7.69522,7.69721,2.19,2.25
2012.01.13 15:17:49.477,7.69513,7.69714,2.19,1.50
2012.01.13 15:17:49.561,7.69543,7.69742,2.19,1.56
2012.01.13 15:17:49.771,7.69543,7.69742,2.19,1.56
2012.01.13 15:17:56.982,7.69558,7.6975,2.19,1.56
2012.01.13 15:17:57.061,7.69577,7.69768,1.39,1.50
2012.01.13 15:17:57.207,7.69577,7.6976,1.39,1.50
2012.01.13 15:17:57.566,7.69577,7.69768,1.39,1.50
2012.01.13 15:17:58.569,7.69577,7.69777,1.39,1.50
2012.01.13 15:17:58.976,7.69586,7.69785,2.19,1.50
2012.01.13 15:17:59.124,7.69596,7.69797,2.19,1.50
2012.01.13 15:17:59.954,7.69596,7.69797,2.19,1.50
2012.01.13 15:18:00.044,7.69608,7.69809,2.19,2.25
2012.01.13 15:18:00.526,7.69601,7.698,2.19,1.50
2012.01.13 15:18:00.871,7.69577,7.69768,1.39,1.50
2012.01.13 15:18:01.660,7.69579,7.6978,2.19,1.50
2012.01.13 15:18:01.739,7.69579,7.6978,2.19,2.25
2012.01.13 15:18:01.879,7.69579,7.69776,2.19,1.50
2012.01.13 15:18:02.206,7.69598,7.6978,1.29,2.25
2012.01.13 15:18:02.286,7.69627,7.6978,1.39,2.25
2012.01.13 15:18:02.630,7.69639,7.69818,2.19,1.50
2012.01.13 15:18:09.181,7.69627,7.69816,1.39,2.25
2012.01.13 15:18:09.252,7.69627,7.69816,1.39,2.25
2012.01.13 15:18:09.324,7.69592,7.69791,2.19,1.50
2012.01.13 15:18:09.590,7.69583,7.69784,2.19,1.50
2012.01.13 15:18:10.299,7.69591,7.69792,2.19,1.50
2012.01.13 15:18:10.571,7.69604,7.698,1.44,1.50
2012.01.13 15:18:11.147,7.69637,7.698,1.39,1.50
2012.01.13 15:18:14.121,7.69614,7.69813,2.19,1.50
2012.01.13 15:18:14.201,7.69605,7.69804,2.19,1.50
2012.01.13 15:18:14.987,7.69614,7.69813,2.19,1.50
2012.01.13 15:18:16.378,7.69603,7.69804,2.19,1.50
2012.01.13 15:18:16.720,7.69595,7.69794,1.44,1.50
2012.01.13 15:18:19.452,7.69606,7.69805,2.19,1.50
2012.01.13 15:18:21.070,7.69598,7.69797,2.19,1.50
2012.01.13 15:18:22.197,7.69598,7.69797,2.19,1.50
2012.01.13 15:18:24.024,7.69647,7.69797,1.07,2.25
2012.01.13 15:18:36.253,7.6961,7.69809,2.25,2.25
2012.01.13 15:18:45.247,7.69647,7.69806,1.07,2.25
2012.01.13 15:18:59.140,7.69637,7.69824,1.44,1.50
2012.01.13 15:19:10.617,7.69647,7.69763,1.07,2.31
2012.01.13 15:19:10.846,7.69484,7.69705,2.25,1.50
2012.01.13 15:19:11.180,7.69497,7.69716,1.50,1.50
2012.01.13 15:19:11.326,7.69482,7.69697,1.35,1.50
2012.01.13 15:19:12.186,7.69502,7.69697,1.35,1.50
2012.01.13 15:19:12.273,7.69505,7.69704,2.25,1.50
2012.01.13 15:19:12.978,7.69515,7.69716,1.50,1.50
2012.01.13 15:19:13.544,7.69524,7.69723,1.50,1.56
2012.01.13 15:19:13.870,7.69516,7.69715,1.50,2.31
2012.01.13 15:19:14.236,7.69525,7.69724,1.50,2.31
2012.01.13 15:19:14.388,7.69512,7.69713,2.25,2.31
2012.01.13 15:19:14.928,7.69522,7.69721,1.50,2.31
2012.01.13 15:19:15.108,7.69513,7.69714,2.25,2.31
2012.01.13 15:19:15.617,7.69502,7.69698,1.35,2.31
2012.01.13 15:19:16.227,7.69502,7.69698,1.35,2.31
2012.01.13 15:19:16.333,7.69502,7.69698,1.35,1.56
2012.01.13 15:19:16.491,7.69508,7.69709,1.50,1.56
2012.01.13 15:19:18.918,7.695,7.69701,2.10,1.56
2012.01.13 15:19:21.653,7.69498,7.69688,1.29,1.50
2012.01.13 15:19:21.849,7.69498,7.69686,1.29,1.50
2012.01.13 15:19:23.254,7.69498,7.69695,1.29,1.56
2012.01.13 15:19:23.346,7.69502,7.69686,1.35,2.25
2012.01.13 15:19:29.473,7.69526,7.69706,2.25,1.56
2012.01.13 15:19:41.616,7.69507,7.69691,2.25,1.50
2012.01.13 15:19:42.400,7.69507,7.69689,1.44,2.31
2012.01.13 15:19:42.471,7.69488,7.69654,1.50,1.56
2012.01.13 15:19:42.611,7.69431,7.6963,1.50,2.31
2012.01.13 15:19:42.738,7.69431,7.69626,1.50,1.41
2012.01.13 15:19:43.401,7.6941,7.69611,2.25,1.50
2012.01.13 15:19:43.479,7.69403,7.69602,2.25,1.50
2012.01.13 15:19:44.086,7.69403,7.69602,2.25,1.50
2012.01.13 15:19:44.371,7.69425,7.69619,1.50,1.35
2012.01.13 15:19:45.445,7.69425,7.69558,1.50,1.34
2012.01.13 15:19:46.969,7.69343,7.69544,2.25,2.31
2012.01.13 15:19:47.051,7.69343,7.69544,1.50,2.37
2012.01.13 15:19:48.341,7.69352,7.69523,1.50,1.18
2012.01.13 15:19:48.611,7.69352,7.69483,1.50,1.13
2012.01.13 15:19:48.740,7.69344,7.69483,1.50,1.13
2012.01.13 15:19:49.626,7.69344,7.69483,1.50,1.13
2012.01.13 15:19:49.764,7.69336,7.69483,1.50,1.13
2012.01.13 15:19:49.868,7.69328,7.69529,1.50,2.31
2012.01.13 15:19:50.018,7.69339,7.69538,1.50,2.37
2012.01.13 15:19:51.065,7.69325,7.695,1.50,1.13
2012.01.13 15:19:52.760,7.69318,7.69517,1.50,2.31
2012.01.13 15:19:53.041,7.69318,7.69483,1.50,1.13
2012.01.13 15:19:53.842,7.69318,7.69517,1.50,2.31
2012.01.13 15:19:53.917,7.69318,7.69483,1.50,1.13
2012.01.13 15:19:54.075,7.69276,7.69475,1.88,1.50
2012.01.13 15:19:54.273,7.69276,7.69475,1.88,1.88
2012.01.13 15:19:54.698,7.69275,7.69474,1.88,1.50
2012.01.13 15:19:55.326,7.69275,7.69474,1.88,1.88
2012.01.13 15:19:55.484,7.69275,7.69474,1.88,1.50
2012.01.13 15:19:55.628,7.69275,7.69474,1.88,1.88
2012.01.13 15:19:55.848,7.69275,7.69474,1.88,1.50
2012.01.13 15:19:55.923,7.69275,7.69474,1.88,1.88
2012.01.13 15:19:56.050,7.69275,7.69474,1.88,1.50
2012.01.13 15:19:56.199,7.69275,7.69474,1.88,1.88
2012.01.13 15:19:56.810,7.69282,7.69483,1.50,1.88
2012.01.13 15:19:56.913,7.69269,7.69468,2.25,1.88
2012.01.13 15:19:57.282,7.69269,7.69468,2.25,1.50
2012.01.13 15:19:57.495,7.69269,7.69468,2.25,1.88
2012.01.13 15:19:58.156,7.69269,7.69468,2.25,1.88
2012.01.13 15:19:58.254,7.69269,7.69468,2.25,1.50
2012.01.13 15:19:58.338,7.69279,7.6948,1.50,1.88
2012.01.13 15:19:58.672,7.69267,7.69461,2.14,1.88
2012.01.13 15:19:58.815,7.69271,7.6947,2.25,1.50
2012.01.13 15:19:58.896,7.69271,7.6947,2.25,1.88
2012.01.13 15:19:59.729,7.69278,7.6947,1.13,1.50
2012.01.13 15:19:59.806,7.69278,7.6947,1.13,1.88
2012.01.13 15:19:59.888,7.69279,7.6948,1.50,1.50
2012.01.13 15:20:01.144,7.69279,7.6948,2.25,1.88
2012.01.13 15:20:01.230,7.69279,7.6948,2.25,1.50
2012.01.13 15:20:01.744,7.69279,7.6948,2.25,1.88
2012.01.13 15:20:02.023,7.69279,7.6948,2.25,1.88
2012.01.13 15:20:02.095,7.69279,7.6948,2.25,1.50
2012.01.13 15:20:02.819,7.69288,7.69487,2.25,2.25
2012.01.13 15:20:02.967,7.69288,7.69487,2.25,2.25
2012.01.13 15:20:03.451,7.69295,7.69496,1.50,2.25
2012.01.13 15:20:04.279,7.69288,7.69487,2.25,2.25
2012.01.13 15:20:05.064,7.69268,7.69467,3.00,1.50
2012.01.13 15:20:05.766,7.69268,7.69458,1.50,1.50
2012.01.13 15:20:07.197,7.69268,7.69466,1.50,1.50
2012.01.13 15:20:09.142,7.69276,7.69477,1.88,1.50
2012.01.13 15:20:12.624,7.69273,7.69474,2.25,1.50
2012.01.13 15:20:13.770,7.69278,7.69474,1.13,1.50
2012.01.13 15:20:13.853,7.69273,7.69474,2.25,1.50
2012.01.13 15:20:15.280,7.69268,7.69465,2.19,1.50
2012.01.13 15:20:15.744,7.69268,7.69458,2.19,1.50
2012.01.13 15:20:16.921,7.69285,7.69486,2.25,1.88
2012.01.13 15:20:17.000,7.69285,7.69486,2.25,1.50
2012.01.13 15:20:17.333,7.69285,7.69486,2.25,1.88
2012.01.13 15:20:17.548,7.69285,7.69486,2.25,1.50
2012.01.13 15:20:17.739,7.69285,7.69486,2.25,1.88
2012.01.13 15:20:17.873,7.69285,7.69486,2.25,1.50
2012.01.13 15:20:18.462,7.69278,7.69474,1.13,1.50
2012.01.13 15:20:18.544,7.69307,7.69474,1.50,2.25
2012.01.13 15:20:20.872,7.69288,7.69467,1.50,1.50
2012.01.13 15:20:21.496,7.69298,7.69491,1.35,1.50
2012.01.13 15:20:21.750,7.69298,7.69491,1.35,1.88
2012.01.13 15:20:21.967,7.69298,7.69491,1.35,1.50
2012.01.13 15:20:22.043,7.69298,7.69491,1.35,1.88
2012.01.13 15:20:22.505,7.69298,7.69491,1.35,1.50
2012.01.13 15:20:23.104,7.69308,7.69498,1.50,1.50
2012.01.13 15:20:24.268,7.6931,7.69511,2.25,1.88
2012.01.13 15:20:46.954,7.69306,7.69502,1.50,1.50
2012.01.13 15:20:48.589,7.6931,7.69511,2.25,1.88
2012.01.13 15:21:00.949,7.69336,7.69529,2.25,1.50
2012.01.13 15:21:01.534,7.69336,7.69535,2.25,2.25
2012.01.13 15:21:10.920,7.69344,7.69545,2.25,2.25
2012.01.13 15:21:11.110,7.69383,7.69545,1.08,2.25
2012.01.13 15:21:11.442,7.69418,7.69568,1.45,2.25
2012.01.13 15:21:55.621,7.69418,7.69483,1.45,2.25
2012.01.13 15:21:55.690,7.69376,7.69465,2.25,1.35
2012.01.13 15:21:55.763,7.69376,7.69465,1.50,1.35
2012.01.13 15:21:55.832,7.69376,7.69442,1.50,2.16
2012.01.13 15:21:55.904,7.69277,7.69417,1.13,1.50
2012.01.13 15:21:55.979,7.69257,7.69417,1.50,1.50
2012.01.13 15:22:01.019,7.69257,7.6939,1.50,1.50
2012.01.13 15:22:03.819,7.69257,7.69382,1.50,1.50
2012.01.13 15:22:07.261,7.69191,7.69351,2.25,2.10
2012.01.13 15:22:07.341,7.69126,7.69327,2.25,2.31
2012.01.13 15:22:07.556,7.69119,7.69318,2.25,1.50
2012.01.13 15:22:08.287,7.69109,7.6931,2.25,1.50
2012.01.13 15:22:09.702,7.69109,7.6931,2.25,1.50
2012.01.13 15:22:11.468,7.69117,7.6931,1.35,1.50
2012.01.13 15:22:11.797,7.69153,7.6931,2.10,1.50
2012.01.13 15:22:11.932,7.6918,7.69381,1.50,1.50
2012.01.13 15:22:12.412,7.69189,7.69388,1.50,1.50
2012.01.13 15:22:12.794,7.69189,7.69388,1.50,2.25
2012.01.13 15:22:16.311,7.69189,7.69386,1.50,1.50
2012.01.13 15:22:23.789,7.69197,7.69376,1.50,1.50
2012.01.13 15:22:25.781,7.69187,7.69376,1.50,1.50
2012.01.13 15:22:33.633,7.69187,7.69376,2.19,1.50
2012.01.13 15:22:34.274,7.69187,7.69376,2.57,1.50
2012.01.13 15:22:35.143,7.69195,7.69378,2.19,1.50
2012.01.13 15:22:35.410,7.69217,7.6938,1.50,1.50
2012.01.13 15:22:35.490,7.69217,7.6938,2.19,1.50
2012.01.13 15:22:35.638,7.69217,7.6938,1.50,1.50
2012.01.13 15:22:35.786,7.6919,7.6938,1.88,1.50
2012.01.13 15:22:36.456,7.6919,7.69377,1.88,1.50
2012.01.13 15:22:36.556,7.69206,7.69378,1.50,1.50
2012.01.13 15:22:36.858,7.69196,7.69378,2.19,1.50
2012.01.13 15:22:44.472,7.69197,7.69369,2.19,1.50
2012.01.13 15:22:44.921,7.69197,7.69369,2.19,1.50
2012.01.13 15:22:45.191,7.69197,7.69369,2.19,1.50
2012.01.13 15:22:45.393,7.69197,7.69374,2.19,1.50
2012.01.13 15:22:46.483,7.69192,7.69379,1.07,1.50
2012.01.13 15:22:48.086,7.69189,7.69379,1.88,1.50
2012.01.13 15:22:49.801,7.69189,7.69374,1.50,1.50
2012.01.13 15:22:50.039,7.6918,7.69374,2.25,1.50
2012.01.13 15:22:50.190,7.69197,7.69374,1.50,1.50
2012.01.13 15:22:50.545,7.69197,7.69374,2.19,1.50
2012.01.13 15:22:51.684,7.69198,7.69374,2.19,1.50
2012.01.13 15:22:52.042,7.69198,7.69379,2.19,1.50
2012.01.13 15:22:52.712,7.69205,7.69365,2.19,1.13
2012.01.13 15:22:53.000,7.69213,7.69375,2.19,1.50
2012.01.13 15:22:53.146,7.69213,7.69375,2.19,1.50
2012.01.13 15:22:53.242,7.69213,7.69379,2.19,1.50
2012.01.13 15:22:54.079,7.69205,7.69374,2.19,1.50
2012.01.13 15:22:54.489,7.69205,7.69369,2.19,1.50
2012.01.13 15:22:57.199,7.69195,7.6937,2.19,1.50
2012.01.13 15:23:02.733,7.69194,7.69353,2.19,1.56
2012.01.13 15:23:03.029,7.69182,7.69349,1.07,2.25
2012.01.13 15:23:03.388,7.69182,7.69349,1.07,2.25
2012.01.13 15:23:04.055,7.69182,7.69326,1.07,1.50
2012.01.13 15:23:04.619,7.69187,7.69326,1.07,1.50
2012.01.13 15:23:05.397,7.69209,7.69337,2.25,1.88
2012.01.13 15:23:05.483,7.69264,7.69421,1.44,1.88
2012.01.13 15:23:05.766,7.69264,7.69429,1.44,1.50
2012.01.13 15:23:05.843,7.69268,7.69429,1.44,1.88
2012.01.13 15:23:06.166,7.69268,7.69429,1.44,1.50
2012.01.13 15:23:06.245,7.69268,7.69436,1.44,1.13
2012.01.13 15:23:06.978,7.69263,7.69438,1.44,2.63
2012.01.13 15:23:07.128,7.69263,7.69438,1.44,2.63
2012.01.13 15:23:07.277,7.69263,7.69438,1.44,2.63
2012.01.13 15:23:07.351,7.69263,7.69438,1.44,2.25
2012.01.13 15:23:07.612,7.69263,7.69438,1.44,1.13
2012.01.13 15:23:08.350,7.69263,7.69446,1.44,2.25
2012.01.13 15:23:08.417,7.69247,7.69438,2.19,1.13
2012.01.13 15:23:08.812,7.69247,7.69446,2.19,2.25
2012.01.13 15:23:08.945,7.69247,7.69438,2.19,1.13
2012.01.13 15:23:09.223,7.69271,7.69455,1.44,1.50
2012.01.13 15:23:09.292,7.6928,7.69463,2.19,1.13
2012.01.13 15:23:09.980,7.69372,7.6951,1.07,2.25
2012.01.13 15:23:13.791,7.69382,7.69518,1.07,2.25
2012.01.13 15:23:14.449,7.69382,7.69518,1.07,2.25
2012.01.13 15:23:14.528,7.69382,7.69518,1.07,2.25
2012.01.13 15:23:15.453,7.69378,7.69518,1.07,2.25
2012.01.13 15:23:24.875,7.69398,7.69531,1.44,1.50
2012.01.13 15:23:27.226,7.69398,7.69547,1.44,2.25
2012.01.13 15:23:28.940,7.69398,7.69539,1.44,1.50
2012.01.13 15:23:29.011,7.69417,7.69548,1.44,1.88
2012.01.13 15:23:29.597,7.69351,7.69548,1.50,1.88
2012.01.13 15:23:29.733,7.69389,7.69555,1.50,1.50
2012.01.13 15:23:30.370,7.69387,7.69582,1.45,1.50
2012.01.13 15:23:33.854,7.6941,7.6959,1.50,1.88
2012.01.13 15:23:37.171,7.69403,7.69602,1.50,2.25
2012.01.13 15:23:37.242,7.69388,7.69575,1.13,2.25
2012.01.13 15:23:40.986,7.69366,7.69567,2.25,2.25
2012.01.13 15:23:45.041,7.69359,7.6956,2.25,2.25
2012.01.13 15:23:50.956,7.69362,7.69561,2.25,2.25
2012.01.13 15:23:53.954,7.6935,7.69533,1.50,2.10
2012.01.13 15:23:54.031,7.6935,7.69533,2.25,2.10
2012.01.13 15:23:54.361,7.69363,7.69533,1.45,3.60
2012.01.13 15:23:56.033,7.69378,7.69512,2.20,2.25
2012.01.13 15:23:56.916,7.6936,7.69512,2.20,2.63
2012.01.13 15:23:56.998,7.6936,7.69512,2.20,2.63
2012.01.13 15:23:57.130,7.6936,7.69512,2.20,2.63
2012.01.13 15:23:57.458,7.69344,7.69502,1.50,2.68
2012.01.13 15:23:57.531,7.69321,7.69452,1.50,1.50
2012.01.13 15:23:57.598,7.69253,7.69452,2.25,1.50
2012.01.13 15:23:58.063,7.69294,7.69452,1.45,1.88
2012.01.13 15:23:58.215,7.69319,7.69492,2.20,2.32
2012.01.13 15:23:58.295,7.69319,7.69492,2.20,2.32
2012.01.13 15:23:58.920,7.69319,7.69432,2.20,1.13
2012.01.13 15:23:59.223,7.6933,7.69472,1.50,3.81
2012.01.13 15:23:59.360,7.69209,7.6943,1.50,2.31
2012.01.13 15:23:59.435,7.69209,7.6943,2.20,2.25
2012.01.13 15:23:59.823,7.69273,7.69445,1.50,1.50
2012.01.13 15:24:01.800,7.69281,7.69445,1.50,1.50
2012.01.13 15:24:03.779,7.69283,7.69445,1.50,1.50
2012.01.13 15:24:03.970,7.69285,7.69445,1.50,1.50
2012.01.13 15:24:04.117,7.69306,7.69445,1.50,1.50
2012.01.13 15:24:04.607,7.69306,7.69445,1.50,1.88
2012.01.13 15:24:04.694,7.6916,7.69381,1.50,2.25
2012.01.13 15:24:05.201,7.6916,7.69381,1.88,1.50
2012.01.13 15:24:05.403,7.69171,7.6939,1.50,1.56
2012.01.13 15:24:05.589,7.69156,7.69377,1.50,1.50
2012.01.13 15:24:09.031,7.69215,7.69416,1.50,2.31
2012.01.13 15:24:12.708,7.69224,7.69423,1.50,1.62
2012.01.13 15:24:17.701,7.69242,7.69423,2.25,1.62
2012.01.13 15:24:17.773,7.69266,7.69447,2.25,1.57
2012.01.13 15:24:17.844,7.69266,7.69467,2.25,2.32
2012.01.13 15:24:18.392,7.69281,7.6948,1.50,2.25
2012.01.13 15:24:18.472,7.69281,7.6948,2.25,2.25
2012.01.13 15:24:20.115,7.69401,7.69505,1.50,1.50
2012.01.13 15:24:20.198,7.69401,7.69632,1.50,1.13
2012.01.13 15:24:20.271,7.69401,7.69642,1.50,1.88
2012.01.13 15:24:20.414,7.69427,7.69666,1.50,1.88
2012.01.13 15:24:20.691,7.69463,7.69704,1.50,1.50
2012.01.13 15:24:21.414,7.69515,7.69708,1.50,1.94
2012.01.13 15:24:22.152,7.69515,7.69714,2.25,2.37
2012.01.13 15:24:28.701,7.69502,7.69701,1.50,2.31
2012.01.13 15:24:28.772,7.69477,7.69677,2.25,2.25
2012.01.13 15:24:28.905,7.69435,7.69621,1.35,1.50
2012.01.13 15:24:28.984,7.6942,7.69621,2.25,1.50
2012.01.13 15:24:29.554,7.69411,7.6961,2.25,1.50
2012.01.13 15:24:29.620,7.69411,7.6961,1.50,1.50
2012.01.13 15:24:33.950,7.69417,7.6961,3.00,1.50
2012.01.13 15:24:34.149,7.69475,7.69676,2.20,2.25
2012.01.13 15:24:34.225,7.69491,7.69692,1.50,1.50
2012.01.13 15:24:35.262,7.69483,7.69684,2.25,1.50
2012.01.13 15:24:35.529,7.69488,7.69687,2.25,1.50
2012.01.13 15:24:36.239,7.6957,7.6968,1.50,1.50
2012.01.13 15:24:36.824,7.69594,7.69815,1.50,1.88
2012.01.13 15:24:36.897,7.69594,7.69815,1.50,1.50
2012.01.13 15:24:37.892,7.69614,7.69815,1.50,1.88
2012.01.13 15:24:38.506,7.69614,7.69815,1.50,1.88
2012.01.13 15:24:38.587,7.69614,7.69815,1.50,1.50
2012.01.13 15:24:39.123,7.69614,7.69815,1.50,1.88
2012.01.13 15:24:40.092,7.69614,7.69815,1.50,1.50
2012.01.13 15:24:40.741,7.69614,7.69815,1.50,1.88
2012.01.13 15:24:41.715,7.69614,7.69815,1.50,1.50
2012.01.13 15:24:41.797,7.69695,7.69894,2.20,1.50
2012.01.13 15:24:41.872,7.69695,7.69894,1.50,1.50
2012.01.13 15:24:43.646,7.69695,7.69876,1.50,1.50
2012.01.13 15:24:43.849,7.69653,7.69852,1.50,1.88
2012.01.13 15:24:43.923,7.69653,7.69852,2.25,1.88
2012.01.13 15:24:44.240,7.69691,7.69892,1.50,1.94
2012.01.13 15:24:44.309,7.69667,7.69868,2.10,1.50
2012.01.13 15:24:47.992,7.69688,7.69868,1.50,1.50
2012.01.13 15:24:48.308,7.69712,7.69911,1.50,1.93
2012.01.13 15:24:48.931,7.69712,7.69911,2.25,1.93
2012.01.13 15:24:49.129,7.69768,7.69962,1.50,2.32
2012.01.13 15:24:52.721,7.69777,7.69978,1.50,2.25
2012.01.13 15:24:54.822,7.69786,7.69982,1.50,1.13
2012.01.13 15:24:55.158,7.69786,7.69985,2.10,1.50
2012.01.13 15:24:55.634,7.69786,7.69985,2.10,1.88
2012.01.13 15:24:55.721,7.69822,7.70021,1.50,1.50
2012.01.13 15:24:56.725,7.69845,7.70021,2.10,1.50
2012.01.13 15:24:56.802,7.69845,7.70032,2.10,1.94
2012.01.13 15:24:56.879,7.6987,7.70032,1.30,1.50
2012.01.13 15:24:56.954,7.69877,7.70076,2.20,2.32
2012.01.13 15:24:57.466,7.69856,7.70057,1.50,1.57
2012.01.13 15:24:57.560,7.69856,7.70057,1.50,1.50
2012.01.13 15:24:59.508,7.69856,7.70057,1.50,1.58
2012.01.13 15:25:01.708,7.69837,7.70034,1.45,1.58
2012.01.13 15:25:02.053,7.69835,7.70034,1.50,1.58
2012.01.13 15:25:02.239,7.69835,7.70034,2.20,1.58
2012.01.13 15:25:06.291,7.69869,7.70068,1.50,1.64
2012.01.13 15:25:11.564,7.69842,7.70043,2.25,2.33
2012.01.13 15:25:18.415,7.69826,7.70025,1.50,1.57
2012.01.13 15:25:18.493,7.69826,7.69964,1.50,1.41
2012.01.13 15:25:19.069,7.6976,7.69953,1.13,1.56
2012.01.13 15:25:19.147,7.69752,7.69953,2.25,1.62
2012.01.13 15:25:31.042,7.69753,7.69954,2.25,1.99
2012.01.13 15:25:31.846,7.69753,7.69954,2.25,1.99
2012.01.13 15:25:34.005,7.69753,7.69954,2.25,1.99
2012.01.13 15:25:34.943,7.69753,7.69954,2.25,1.99
2012.01.13 15:25:41.413,7.6982,7.69991,1.50,1.13
2012.01.13 15:25:41.553,7.6982,7.70021,1.50,2.39
2012.01.13 15:25:44.659,7.69813,7.70012,1.50,2.32
2012.01.13 15:25:46.361,7.69821,7.7002,1.50,2.77
2012.01.13 15:25:52.803,7.69812,7.70012,1.50,1.27
2012.01.13 15:25:54.024,7.69804,7.70003,1.50,2.32
2012.01.13 15:25:55.378,7.69804,7.70003,1.50,1.57
2012.01.13 15:25:56.248,7.69804,7.70003,1.50,1.50
2012.01.13 15:25:57.112,7.69812,7.70013,1.50,1.57
2012.01.13 15:26:00.873,7.69821,7.7002,1.50,2.32
2012.01.13 15:26:01.815,7.69821,7.7002,1.50,2.39
2012.01.13 15:26:03.576,7.69812,7.70013,1.50,1.64
2012.01.13 15:26:04.509,7.69804,7.70005,1.50,1.64
2012.01.13 15:26:06.778,7.69794,7.69993,1.50,1.58
2012.01.13 15:26:07.271,7.69802,7.70001,1.50,1.58
2012.01.13 15:26:08.267,7.69792,7.69993,1.50,1.58
2012.01.13 15:26:09.705,7.698,7.70001,1.50,1.58
2012.01.13 15:26:10.575,7.69792,7.69993,1.50,1.58
2012.01.13 15:26:11.180,7.69784,7.69983,2.20,1.58
2012.01.13 15:26:11.286,7.69787,7.69983,1.45,2.33
2012.01.13 15:26:11.953,7.69795,7.69994,2.25,2.33
2012.01.13 15:26:13.146,7.69795,7.69994,2.25,2.33
2012.01.13 15:26:22.573,7.69791,7.69992,2.25,1.58
2012.01.13 15:26:23.068,7.69837,7.70006,1.08,2.33
2012.01.13 15:26:24.125,7.69837,7.69992,1.08,1.58
2012.01.13 15:26:24.519,7.69837,7.69984,1.08,1.58
2012.01.13 15:26:24.602,7.6981,7.69984,1.50,1.88
2012.01.13 15:26:24.698,7.69847,7.69973,2.10,1.50
2012.01.13 15:26:25.416,7.69807,7.69961,1.45,1.50
2012.01.13 15:26:25.983,7.69807,7.69961,1.45,1.50
2012.01.13 15:26:26.529,7.69807,7.69974,1.45,1.50
2012.01.13 15:26:26.583,7.69812,7.69974,1.50,1.50
2012.01.13 15:26:28.003,7.69812,7.69973,1.50,1.50
2012.01.13 15:26:29.387,7.698,7.69983,1.50,1.50
2012.01.13 15:26:31.567,7.69792,7.69987,2.25,1.13
2012.01.13 15:26:32.388,7.69781,7.69982,2.25,1.50
2012.01.13 15:26:32.804,7.6979,7.69987,2.25,1.13
2012.01.13 15:26:33.851,7.69799,7.69985,2.25,1.50
2012.01.13 15:26:40.138,7.69784,7.69959,2.25,2.10
2012.01.13 15:26:40.295,7.69784,7.69959,1.50,2.10
2012.01.13 15:26:40.892,7.69784,7.69873,1.50,2.17
2012.01.13 15:26:41.004,7.69609,7.6985,1.88,1.50
2012.01.13 15:26:41.093,7.69609,7.69749,1.50,2.10
2012.01.13 15:26:41.380,7.69587,7.69749,1.50,2.17
2012.01.13 15:26:41.460,7.69587,7.69749,1.50,2.17
2012.01.13 15:26:42.463,7.69607,7.69729,1.50,2.17
2012.01.13 15:26:42.756,7.69627,7.69742,1.08,2.32
2012.01.13 15:26:42.903,7.69627,7.69742,1.08,2.25
2012.01.13 15:26:42.977,7.69636,7.69742,1.50,2.25
2012.01.13 15:26:43.123,7.69636,7.69743,1.88,2.25
2012.01.13 15:26:43.911,7.69636,7.69743,1.88,2.25
2012.01.13 15:26:43.998,7.69502,7.69743,1.13,3.81
2012.01.13 15:26:44.071,7.69502,7.69743,1.13,3.81
2012.01.13 15:26:44.151,7.69428,7.69743,1.45,3.81
2012.01.13 15:26:44.507,7.69502,7.69743,1.13,2.31
2012.01.13 15:26:44.593,7.6963,7.69743,1.08,2.32
2012.01.13 15:26:45.539,7.69632,7.69743,1.08,2.32
2012.01.13 15:26:45.677,7.69479,7.697,2.25,1.50
2012.01.13 15:26:45.758,7.69498,7.697,1.13,1.50
2012.01.13 15:26:46.120,7.69498,7.697,1.13,1.57
2012.01.13 15:26:46.761,7.69518,7.6969,1.13,1.50
2012.01.13 15:26:46.862,7.69513,7.69731,2.25,1.57
2012.01.13 15:26:46.941,7.6952,7.69708,1.13,1.50
2012.01.13 15:26:47.291,7.69544,7.69708,1.13,1.50
2012.01.13 15:26:48.072,7.69518,7.69633,1.50,2.25
2012.01.13 15:26:48.231,7.69544,7.69671,1.13,2.25
2012.01.13 15:26:48.319,7.69517,7.69633,1.45,2.25
2012.01.13 15:26:48.399,7.69543,7.69657,1.13,3.00
2012.01.13 15:26:48.480,7.69502,7.69633,2.20,2.25
2012.01.13 15:26:48.628,7.69544,7.69657,1.13,3.00
2012.01.13 15:26:48.798,7.69517,7.69633,1.45,2.25
2012.01.13 15:26:49.443,7.69524,7.69643,1.45,2.25
2012.01.13 15:26:49.523,7.69528,7.69643,1.08,2.25
2012.01.13 15:26:49.855,7.69512,7.69632,2.25,2.37
2012.01.13 15:26:50.072,7.69512,7.69605,1.50,1.62
2012.01.13 15:26:50.141,7.69371,7.69581,1.13,1.62
2012.01.13 15:26:50.347,7.69371,7.69581,1.13,1.62
2012.01.13 15:26:50.422,7.69362,7.69581,2.25,1.62
2012.01.13 15:26:51.156,7.69467,7.69583,2.20,2.32
2012.01.13 15:26:51.508,7.69493,7.69583,1.50,2.32
2012.01.13 15:26:51.807,7.69493,7.69583,1.50,2.37
2012.01.13 15:26:51.889,7.69476,7.69583,1.50,2.37
2012.01.13 15:26:52.493,7.69476,7.69572,1.50,2.37
2012.01.13 15:26:52.579,7.69345,7.69564,1.50,1.62
2012.01.13 15:26:53.143,7.69345,7.69522,1.50,3.12
2012.01.13 15:26:53.420,7.69335,7.69522,1.50,3.12
2012.01.13 15:26:54.405,7.69366,7.69498,1.50,1.19
2012.01.13 15:26:54.765,7.69354,7.69483,1.50,1.19
2012.01.13 15:26:55.328,7.69354,7.69483,1.50,1.19
2012.01.13 15:26:55.482,7.69297,7.69462,1.50,1.19
2012.01.13 15:26:55.765,7.69297,7.69462,1.50,1.19
2012.01.13 15:26:55.915,7.69367,7.69462,1.50,1.19
2012.01.13 15:26:56.276,7.69367,7.69472,1.50,3.07
2012.01.13 15:26:56.882,7.69376,7.69462,1.50,1.19
2012.01.13 15:26:56.960,7.69359,7.69462,1.50,1.19
2012.01.13 15:26:57.470,7.69367,7.69458,1.50,1.19
2012.01.13 15:26:58.254,7.69356,7.69458,1.50,1.19
2012.01.13 15:26:58.689,7.69364,7.69482,1.50,3.07
2012.01.13 15:26:58.974,7.69356,7.69467,1.50,1.19
2012.01.13 15:27:00.266,7.69361,7.69467,1.50,1.19
2012.01.13 15:27:00.560,7.69361,7.69462,1.50,1.19
2012.01.13 15:27:00.908,7.6934,7.69462,1.50,1.19
2012.01.13 15:27:00.991,7.69349,7.69462,1.50,1.19
2012.01.13 15:27:01.610,7.69359,7.69448,1.50,1.19
2012.01.13 15:27:01.690,7.69357,7.69448,1.50,1.19
2012.01.13 15:27:01.980,7.69349,7.69448,1.50,1.19
2012.01.13 15:27:02.394,7.69337,7.69448,1.50,1.19
2012.01.13 15:27:03.142,7.69346,7.69448,1.50,1.19
2012.01.13 15:27:03.396,7.69333,7.69448,1.50,1.19
2012.01.13 15:27:04.330,7.69333,7.69448,1.50,1.19
2012.01.13 15:27:04.830,7.6932,7.69448,1.50,1.19
2012.01.13 15:27:05.238,7.6931,7.69448,1.50,1.19
2012.01.13 15:27:05.851,7.69302,7.69448,1.50,1.19
2012.01.13 15:27:05.931,7.69313,7.69448,1.50,1.19
2012.01.13 15:27:06.015,7.69299,7.69448,1.50,1.19
2012.01.13 15:27:06.412,7.69293,7.69448,1.50,1.19
2012.01.13 15:27:07.376,7.69282,7.69436,1.50,1.42
2012.01.13 15:27:07.485,7.69282,7.69418,1.50,1.24
2012.01.13 15:27:07.596,7.69211,7.69412,1.50,2.37
2012.01.13 15:27:07.748,7.69202,7.69401,1.50,2.37
2012.01.13 15:27:09.155,7.6921,7.69411,1.50,2.37
2012.01.13 15:27:10.585,7.69198,7.69399,1.50,2.37
2012.01.13 15:27:10.734,7.69182,7.69383,1.50,1.57
2012.01.13 15:27:10.813,7.69204,7.69405,1.50,2.37
2012.01.13 15:27:11.083,7.69182,7.69381,1.50,1.57
2012.01.13 15:27:12.250,7.69208,7.69409,1.50,2.37
2012.01.13 15:27:12.330,7.69184,7.69383,1.50,1.57
2012.01.13 15:27:13.142,7.69193,7.69392,1.50,1.57
2012.01.13 15:27:13.789,7.69184,7.69385,1.50,1.57
2012.01.13 15:27:14.660,7.69193,7.69392,1.50,1.57
2012.01.13 15:27:15.579,7.69182,7.69381,1.50,1.57
2012.01.13 15:27:15.656,7.69173,7.69374,1.50,1.57
2012.01.13 15:27:16.783,7.69181,7.69382,1.50,1.57
2012.01.13 15:27:17.131,7.69189,7.6939,1.50,1.57
2012.01.13 15:27:17.466,7.69192,7.69391,1.50,1.57
2012.01.13 15:27:19.001,7.69205,7.69404,1.50,2.37
2012.01.13 15:27:19.973,7.69189,7.6939,1.50,1.57
2012.01.13 15:27:21.988,7.69201,7.69402,1.50,2.37
2012.01.13 15:27:22.071,7.69182,7.69383,1.50,1.57
2012.01.13 15:27:23.819,7.69169,7.69368,1.50,1.50
2012.01.13 15:27:25.570,7.6916,7.69361,1.50,1.50
2012.01.13 15:27:25.917,7.6917,7.69371,1.50,1.50
2012.01.13 15:27:27.248,7.69163,7.69362,1.50,1.50
2012.01.13 15:27:28.778,7.69177,7.69376,1.50,1.94
2012.01.13 15:27:28.833,7.69177,7.69376,1.50,1.57
2012.01.13 15:27:28.989,7.69168,7.69369,1.50,1.50
2012.01.13 15:27:29.457,7.69179,7.6938,1.50,1.57
2012.01.13 15:27:31.701,7.69167,7.69368,1.50,1.50
2012.01.13 15:27:36.394,7.69176,7.69377,1.50,1.57
2012.01.13 15:27:37.394,7.69167,7.69366,1.50,1.50
2012.01.13 15:27:39.586,7.69159,7.69358,1.50,1.50
2012.01.13 15:27:40.329,7.69171,7.69372,1.50,2.25
2012.01.13 15:27:40.406,7.69153,7.69354,2.25,1.50
2012.01.13 15:27:40.559,7.69162,7.69361,1.50,1.50
2012.01.13 15:27:41.043,7.69167,7.69368,1.50,2.25
2012.01.13 15:27:42.200,7.69155,7.69356,1.50,1.50
2012.01.13 15:27:42.279,7.69163,7.69364,1.50,2.25
2012.01.13 15:27:42.489,7.69155,7.69356,1.50,1.50
2012.01.13 15:27:42.777,7.69147,7.69348,2.95,1.50
2012.01.13 15:27:42.928,7.69156,7.69355,1.50,1.50
2012.01.13 15:27:43.588,7.69148,7.69347,1.88,1.50
2012.01.13 15:27:43.898,7.69159,7.69358,1.50,1.88
2012.01.13 15:27:44.047,7.6915,7.69349,1.88,1.50
2012.01.13 15:27:44.400,7.69166,7.69367,2.25,1.50
2012.01.13 15:27:45.033,7.69175,7.69374,1.50,1.50
2012.01.13 15:27:49.330,7.69161,7.6936,2.25,1.50
2012.01.13 15:27:50.044,7.69152,7.69351,2.25,1.50
2012.01.13 15:27:50.655,7.69159,7.6936,2.25,1.50
2012.01.13 15:27:51.736,7.69172,7.69373,1.88,1.50
2012.01.13 15:27:52.276,7.69159,7.69358,2.25,1.50
2012.01.13 15:27:53.873,7.69166,7.69367,2.25,1.50
2012.01.13 15:27:55.141,7.69178,7.69379,1.50,1.94
2012.01.13 15:27:56.040,7.69178,7.69296,1.50,2.10
2012.01.13 15:27:56.122,7.69144,7.69272,1.45,1.50
2012.01.13 15:27:56.267,7.6914,7.69322,1.50,2.37
2012.01.13 15:27:56.346,7.69115,7.69322,2.10,2.37
2012.01.13 15:27:56.420,7.69115,7.69303,1.50,2.22
2012.01.13 15:27:56.490,7.69115,7.69303,1.50,2.16
2012.01.13 15:27:56.569,7.69068,7.69257,2.25,1.50
2012.01.13 15:27:56.643,7.69127,7.69257,1.30,1.50
2012.01.13 15:27:57.478,7.69132,7.69244,1.30,1.57
2012.01.13 15:27:57.571,7.69123,7.69322,2.10,1.56
2012.01.13 15:28:00.840,7.69123,7.69322,1.50,2.16
2012.01.13 15:28:00.921,7.69079,7.69278,2.25,1.50
2012.01.13 15:28:00.990,7.69079,7.69278,1.50,1.50
2012.01.13 15:28:02.820,7.69088,7.69287,1.50,1.57
2012.01.13 15:28:04.086,7.69079,7.6928,1.50,1.50
2012.01.13 15:28:07.624,7.69071,7.69272,1.50,1.50
2012.01.13 15:28:10.740,7.69064,7.69263,2.25,1.50
2012.01.13 15:28:14.076,7.69055,7.69256,2.25,1.50
2012.01.13 15:28:20.011,7.69064,7.69263,2.25,1.50
2012.01.13 15:28:21.756,7.69073,7.69272,1.50,1.50
2012.01.13 15:28:22.926,7.69062,7.69261,2.25,1.50
2012.01.13 15:28:23.006,7.69073,7.69272,1.50,1.50
2012.01.13 15:28:23.150,7.69065,7.69264,2.25,1.50
2012.01.13 15:28:23.858,7.69047,7.69245,1.45,1.50
2012.01.13 15:28:26.269,7.69062,7.69263,2.25,1.50
2012.01.13 15:28:26.535,7.69054,7.69255,2.25,1.50
2012.01.13 15:28:26.945,7.69063,7.69264,2.25,1.50
2012.01.13 15:28:29.538,7.69073,7.69272,1.50,1.50
2012.01.13 15:28:31.440,7.69058,7.69259,2.25,1.50
2012.01.13 15:28:33.552,7.69068,7.69269,2.25,1.50
2012.01.13 15:28:33.918,7.69047,7.69292,1.45,2.25
2012.01.13 15:28:35.259,7.69047,7.69319,1.45,1.47
2012.01.13 15:28:36.275,7.69047,7.6931,1.45,2.68
2012.01.13 15:28:36.930,7.69047,7.69315,1.45,1.24
2012.01.13 15:28:40.004,7.69047,7.69261,1.45,1.50
2012.01.13 15:28:40.415,7.69047,7.69268,1.45,1.50
2012.01.13 15:28:40.564,7.69047,7.69259,1.45,1.50
2012.01.13 15:28:41.517,7.69047,7.69263,1.45,1.50
2012.01.13 15:28:42.281,7.69047,7.69319,1.45,1.47
2012.01.13 15:28:48.906,7.69047,7.69252,1.45,1.50
2012.01.13 15:28:49.106,7.69047,7.69261,1.45,1.50
2012.01.13 15:28:49.582,7.69047,7.69252,1.45,1.50
2012.01.13 15:28:49.656,7.69047,7.69271,1.45,1.50
2012.01.13 15:28:50.181,7.69047,7.69277,1.45,2.25
2012.01.13 15:28:55.214,7.69058,7.69274,1.44,2.25
2012.01.13 15:28:55.297,7.69047,7.69274,1.39,2.25
2012.01.13 15:28:55.375,7.69058,7.69232,1.44,1.13
2012.01.13 15:28:56.042,7.69005,7.69204,3.00,2.25
2012.01.13 15:29:04.967,7.68994,7.69144,2.25,1.50
2012.01.13 15:29:05.321,7.68994,7.6912,1.50,1.47
2012.01.13 15:29:05.591,7.68842,7.69116,1.13,1.47
2012.01.13 15:29:06.157,7.68832,7.69106,1.45,1.47
2012.01.13 15:29:06.419,7.68832,7.69106,1.45,1.47
2012.01.13 15:29:06.733,7.68818,7.69088,1.30,1.57
2012.01.13 15:29:06.929,7.68818,7.69088,2.05,1.62
2012.01.13 15:29:07.001,7.68818,7.69088,1.30,1.62
2012.01.13 15:29:08.972,7.68818,7.69041,1.08,1.35
2012.01.13 15:29:09.770,7.68767,7.69006,1.50,1.56
2012.01.13 15:29:13.084,7.68768,7.68982,1.44,1.18
2012.01.13 15:29:13.405,7.68778,7.68947,1.44,1.35
2012.01.13 15:29:13.533,7.68708,7.68946,1.47,1.50
2012.01.13 15:29:13.605,7.68697,7.68946,1.14,1.56
2012.01.13 15:29:13.680,7.68697,7.68946,1.14,1.56
2012.01.13 15:29:13.756,7.68697,7.68946,1.14,1.56
2012.01.13 15:29:14.562,7.68697,7.68946,1.14,1.56
2012.01.13 15:29:15.081,7.68697,7.68946,1.14,1.56
2012.01.13 15:29:15.213,7.68697,7.68946,1.14,1.56
2012.01.13 15:29:16.196,7.68697,7.68946,1.14,1.56
2012.01.13 15:29:16.658,7.68697,7.68946,1.14,1.56
2012.01.13 15:29:16.729,7.68697,7.68946,1.14,1.56
2012.01.13 15:29:16.859,7.68697,7.68946,1.14,1.56
2012.01.13 15:29:17.955,7.68697,7.68947,1.14,1.41
2012.01.13 15:29:18.490,7.68697,7.68947,1.14,1.41
2012.01.13 15:29:19.112,7.68697,7.68947,1.14,1.41
2012.01.13 15:29:19.898,7.68697,7.68947,1.14,1.41
2012.01.13 15:29:20.033,7.68709,7.68929,1.58,1.50
2012.01.13 15:29:20.313,7.68709,7.68929,1.50,2.25
2012.01.13 15:29:20.517,7.68728,7.68927,2.19,1.50
2012.01.13 15:29:21.114,7.68744,7.68945,1.50,2.31
2012.01.13 15:29:21.443,7.68818,7.69021,1.44,1.50
2012.01.13 15:29:23.116,7.68818,7.68997,1.44,1.13
2012.01.13 15:29:23.434,7.68829,7.68992,1.50,1.56
2012.01.13 15:29:23.755,7.6882,7.68992,1.50,1.56
2012.01.13 15:29:24.172,7.6882,7.68992,1.50,1.56
2012.01.13 15:29:24.711,7.68813,7.68967,1.50,1.50
2012.01.13 15:29:25.238,7.68824,7.68964,1.50,1.50
2012.01.13 15:29:25.453,7.68824,7.68964,1.50,1.50
2012.01.13 15:29:25.583,7.68824,7.68967,1.50,1.56
2012.01.13 15:29:26.271,7.68806,7.68967,1.50,1.56
2012.01.13 15:29:27.918,7.68806,7.68957,1.50,1.18
2012.01.13 15:29:28.206,7.68809,7.6896,1.50,1.18
2012.01.13 15:29:29.579,7.68801,7.6896,1.88,1.18
2012.01.13 15:29:32.832,7.68768,7.68964,1.44,2.31
2012.01.13 15:29:33.030,7.68765,7.68964,2.25,2.31
2012.01.13 15:29:34.613,7.68768,7.68969,2.25,2.31
2012.01.13 15:29:35.337,7.68788,7.68978,1.50,1.56
2012.01.13 15:29:39.539,7.68757,7.69049,2.85,1.18
2012.01.13 15:29:44.230,7.68785,7.69059,1.29,1.18
2012.01.13 15:29:45.058,7.68791,7.6902,1.07,1.18
2012.01.13 15:29:45.139,7.68788,7.6902,1.07,1.18
2012.01.13 15:29:45.368,7.68785,7.69056,1.29,1.18
2012.01.13 15:29:46.797,7.68785,7.69056,1.29,1.18
2012.01.13 15:29:58.142,7.68785,7.69048,1.29,1.93
2012.01.13 15:29:58.213,7.68785,7.69048,1.29,1.93
2012.01.13 15:29:58.613,7.68697,7.69011,2.94,1.18
2012.01.13 15:29:58.681,7.68697,7.69011,2.94,1.18
2012.01.13 15:30:00.936,7.68697,7.69004,2.94,2.31
2012.01.13 15:30:01.396,7.68697,7.69013,2.94,2.31
2012.01.13 15:30:02.602,7.68697,7.69013,2.94,2.31
2012.01.13 15:30:04.360,7.68669,7.69002,1.44,1.18
2012.01.13 15:30:04.569,7.68776,7.69005,1.45,1.50
2012.01.13 15:30:04.644,7.68776,7.6899,1.45,1.50
2012.01.13 15:30:04.781,7.68798,7.6908,1.45,1.56
2012.01.13 15:30:04.854,7.68758,7.6908,3.00,1.56
2012.01.13 15:30:10.800,7.68778,7.69034,3.08,2.16
2012.01.13 15:30:10.868,7.68777,7.69034,1.45,2.16
2012.01.13 15:30:11.281,7.68777,7.69032,1.45,1.41
2012.01.13 15:30:11.630,7.68777,7.68977,1.45,2.10
2012.01.13 15:30:11.705,7.68751,7.68977,1.45,2.10
2012.01.13 15:30:12.460,7.68751,7.68982,1.45,2.25
2012.01.13 15:30:14.563,7.68743,7.69005,1.45,1.13
2012.01.13 15:30:15.211,7.68739,7.69013,1.45,3.00
2012.01.13 15:30:21.532,7.68738,7.69043,1.45,3.06
2012.01.13 15:30:23.703,7.68735,7.69012,1.45,3.00
2012.01.13 15:30:24.145,7.68735,7.69023,1.45,3.06
2012.01.13 15:30:29.267,7.68735,7.68987,1.45,1.50
2012.01.13 15:30:30.849,7.68702,7.68954,1.45,1.50
2012.01.13 15:30:31.754,7.68721,7.6895,1.08,1.13
2012.01.13 15:30:31.830,7.68721,7.68961,1.08,1.50
2012.01.13 15:30:34.447,7.68777,7.68961,1.45,1.50
2012.01.13 15:30:35.632,7.68797,7.69001,1.07,1.50
2012.01.13 15:30:38.409,7.68898,7.69087,1.39,1.13
2012.01.13 15:30:38.490,7.68968,7.69166,1.29,1.13
2012.01.13 15:30:38.565,7.68973,7.69166,1.29,1.13
2012.01.13 15:30:38.646,7.68973,7.69224,1.29,1.18
2012.01.13 15:30:38.795,7.68973,7.6923,1.29,1.56
2012.01.13 15:30:38.878,7.68973,7.69251,1.29,1.56
2012.01.13 15:30:39.210,7.68968,7.69251,1.29,1.56
2012.01.13 15:30:45.169,7.68947,7.6918,1.39,1.35
2012.01.13 15:30:45.514,7.68917,7.69178,1.44,1.41
2012.01.13 15:30:46.363,7.68898,7.69169,1.44,1.41
2012.01.13 15:30:47.003,7.68914,7.69166,1.44,1.41
2012.01.13 15:30:52.023,7.68925,7.69177,1.44,1.41
2012.01.13 15:30:52.361,7.68928,7.69171,1.44,1.03
2012.01.13 15:30:52.901,7.68925,7.69177,1.44,1.41
2012.01.13 15:30:52.971,7.68928,7.69177,1.44,1.41
2012.01.13 15:30:53.042,7.69008,7.69232,1.39,2.25
2012.01.13 15:30:53.109,7.69008,7.69256,1.39,1.13
2012.01.13 15:30:53.301,7.69016,7.69261,1.45,1.88
2012.01.13 15:30:53.370,7.69016,7.69261,1.45,1.50
2012.01.13 15:30:53.572,7.69037,7.69285,1.39,1.50
2012.01.13 15:30:53.647,7.69037,7.69311,1.39,1.18
2012.01.13 15:30:54.187,7.69057,7.69229,1.39,1.35
2012.01.13 15:30:54.392,7.68907,7.69149,1.44,1.41
2012.01.13 15:30:54.682,7.68875,7.69149,1.50,1.41
2012.01.13 15:30:56.019,7.68895,7.69149,1.50,1.41
2012.01.13 15:30:56.511,7.69028,7.69209,1.30,1.35
2012.01.13 15:30:56.601,7.69037,7.69307,1.39,1.18
2012.01.13 15:30:56.969,7.69028,7.69234,1.39,2.10
2012.01.13 15:30:57.396,7.68959,7.69231,1.45,1.35
2012.01.13 15:31:01.203,7.68987,7.69231,1.39,1.35
2012.01.13 15:31:01.275,7.69005,7.69288,1.44,1.18
2012.01.13 15:31:01.411,7.69007,7.69306,1.44,1.18
2012.01.13 15:31:01.480,7.69022,7.69306,1.45,1.18
2012.01.13 15:31:02.504,7.69028,7.69234,1.39,2.10
2012.01.13 15:31:02.581,7.68977,7.69231,1.45,1.35
2012.01.13 15:31:03.452,7.68988,7.69282,1.45,1.18
2012.01.13 15:31:03.527,7.69002,7.69282,1.44,1.18
2012.01.13 15:31:03.675,7.69028,7.69321,1.45,1.41
2012.01.13 15:31:04.472,7.69028,7.69237,2.14,2.10
2012.01.13 15:31:04.818,7.68976,7.69228,1.45,1.35
2012.01.13 15:31:12.470,7.68985,7.69252,1.30,3.06
2012.01.13 15:31:22.771,7.69074,7.69326,1.50,1.18
2012.01.13 15:31:25.202,7.69088,7.69373,1.44,1.18
2012.01.13 15:31:25.330,7.69158,7.69409,1.45,1.50
2012.01.13 15:31:25.401,7.69158,7.69428,1.45,1.13
2012.01.13 15:31:25.963,7.69197,7.69412,1.39,1.35
2012.01.13 15:31:26.538,7.69149,7.69382,1.44,3.06
2012.01.13 15:31:26.623,7.69087,7.69379,1.45,1.56
2012.01.13 15:31:39.432,7.69087,7.69351,1.45,1.18
2012.01.13 15:31:39.777,7.69087,7.69302,1.45,1.13
2012.01.13 15:31:39.923,7.69097,7.69351,1.44,1.18
2012.01.13 15:31:39.993,7.69097,7.69351,1.44,1.18
2012.01.13 15:31:40.750,7.69079,7.69331,1.45,1.13
2012.01.13 15:31:40.827,7.69078,7.69364,1.45,1.56
2012.01.13 15:31:43.282,7.69087,7.6935,1.39,1.18
2012.01.13 15:31:57.192,7.69087,7.69364,1.39,1.56
2012.01.13 15:32:05.870,7.69078,7.69345,1.45,1.18
2012.01.13 15:32:15.333,7.69128,7.69378,1.39,1.13
2012.01.13 15:32:21.379,7.69148,7.69376,1.45,1.50
2012.01.13 15:32:22.177,7.69082,7.69334,1.45,2.10
2012.01.13 15:32:26.270,7.69157,7.69334,1.39,2.10
2012.01.13 15:32:29.494,7.6921,7.69467,1.30,1.13
2012.01.13 15:32:29.700,7.69198,7.69436,2.95,2.10
2012.01.13 15:32:29.891,7.69198,7.69402,1.39,2.85
2012.01.13 15:32:30.024,7.69198,7.69442,1.39,1.50
2012.01.13 15:32:30.430,7.69198,7.69456,1.39,1.35
2012.01.13 15:32:30.502,7.69198,7.69436,1.39,1.35
2012.01.13 15:33:03.360,7.69248,7.69436,1.44,1.35
2012.01.13 15:33:04.788,7.69238,7.69436,1.44,1.35
2012.01.13 15:33:05.410,7.69248,7.69436,1.44,1.35
2012.01.13 15:33:22.885,7.69237,7.69436,1.44,1.35
2012.01.13 15:33:23.098,7.69248,7.69436,1.44,1.35
2012.01.13 15:33:26.335,7.69237,7.69436,1.44,1.35
2012.01.13 15:33:35.394,7.69177,7.69368,1.50,2.10
2012.01.13 15:33:35.538,7.69118,7.69368,3.00,2.10
2012.01.13 15:33:36.182,7.69118,7.69363,2.94,1.35
2012.01.13 15:33:36.745,7.69109,7.69363,1.44,1.35
2012.01.13 15:33:37.525,7.69084,7.69351,2.25,1.35
2012.01.13 15:33:37.697,7.69104,7.69351,1.50,1.35
2012.01.13 15:33:38.072,7.69087,7.69351,2.25,1.35
2012.01.13 15:33:39.258,7.691,7.69351,1.50,1.35
2012.01.13 15:33:41.833,7.69108,7.69351,1.50,1.35
2012.01.13 15:33:43.783,7.69117,7.69351,1.50,1.35
2012.01.13 15:33:44.913,7.69117,7.69351,2.19,1.35
2012.01.13 15:33:46.413,7.69109,7.69351,2.19,1.35
2012.01.13 15:33:51.940,7.69102,7.69343,2.19,1.35
2012.01.13 15:33:52.615,7.69188,7.69362,1.07,1.50
2012.01.13 15:33:52.942,7.69192,7.69389,1.07,1.50
2012.01.13 15:33:54.873,7.69217,7.69398,1.44,1.13
2012.01.13 15:33:55.061,7.69217,7.69417,1.44,1.50
2012.01.13 15:33:55.253,7.69242,7.69417,1.07,1.50
2012.01.13 15:33:56.217,7.69187,7.69417,1.35,1.50
2012.01.13 15:34:22.993,7.69242,7.69417,1.07,1.50
2012.01.13 15:34:32.919,7.69187,7.69417,1.35,1.50
2012.01.13 15:34:34.311,7.69163,7.69403,1.50,1.41
2012.01.13 15:34:35.819,7.69139,7.69353,1.50,1.35
2012.01.13 15:34:35.911,7.69108,7.69298,1.44,2.10
2012.01.13 15:34:36.085,7.69037,7.69284,1.44,1.41
2012.01.13 15:34:36.310,7.69057,7.69284,1.45,1.35
2012.01.13 15:34:36.619,7.69063,7.69284,1.13,1.35
2012.01.13 15:34:36.692,7.69038,7.69284,1.45,1.35
2012.01.13 15:34:37.458,7.69057,7.69284,1.39,1.35
2012.01.13 15:34:39.816,7.69048,7.69284,1.45,1.35
2012.01.13 15:34:58.532,7.69057,7.69282,1.45,1.35
2012.01.13 15:34:59.276,7.69047,7.69282,1.45,1.35
2012.01.13 15:34:59.556,7.69057,7.69282,1.45,1.35
2012.01.13 15:35:03.415,7.69068,7.69308,1.35,1.18
2012.01.13 15:35:03.503,7.69069,7.69348,1.35,1.41
2012.01.13 15:35:11.020,7.69083,7.69348,1.29,1.41
2012.01.13 15:35:14.902,7.69077,7.69324,1.44,2.16
2012.01.13 15:35:14.978,7.69057,7.69294,3.70,1.35
2012.01.13 15:35:15.197,7.69057,7.6929,1.39,1.35
2012.01.13 15:35:15.280,7.69028,7.6929,1.44,1.41
2012.01.13 15:35:15.353,7.69027,7.6929,1.44,1.41
2012.01.13 15:35:34.402,7.69048,7.69282,2.25,1.18
2012.01.13 15:35:54.965,7.69137,7.69342,2.25,2.37
2012.01.13 15:35:55.281,7.69168,7.69377,2.25,1.13
2012.01.13 15:35:55.356,7.69187,7.69377,2.25,1.13
2012.01.13 15:35:55.492,7.69187,7.6938,2.25,1.13
2012.01.13 15:36:00.944,7.69187,7.69377,3.00,1.50
2012.01.13 15:36:01.285,7.69217,7.69392,2.63,1.50
2012.01.13 15:36:02.406,7.69217,7.694,3.00,1.56
2012.01.13 15:36:02.731,7.69228,7.69413,2.25,1.50
2012.01.13 15:36:14.200,7.69228,7.69413,2.25,1.50
2012.01.13 15:36:14.347,7.69217,7.69413,2.63,1.56
2012.01.13 15:36:27.595,7.69187,7.69377,2.25,1.50
2012.01.13 15:36:27.851,7.69137,7.69344,2.95,1.35
2012.01.13 15:36:27.980,7.69137,7.69351,2.95,1.35
2012.01.13 15:36:28.114,7.69157,7.69351,2.25,1.35
2012.01.13 15:36:40.437,7.69157,7.69395,2.25,1.18
2012.01.13 15:36:40.519,7.69227,7.69453,2.25,1.18
2012.01.13 15:36:40.869,7.69228,7.69443,2.95,1.73
2012.01.13 15:36:40.949,7.69228,7.69443,2.95,1.73
2012.01.13 15:36:41.025,7.69228,7.69442,2.25,1.03
2012.01.13 15:36:57.543,7.69238,7.69449,2.25,1.41
2012.01.13 15:36:58.035,7.69227,7.69449,2.25,1.41
2012.01.13 15:36:58.116,7.69227,7.69439,2.25,1.35
2012.01.13 15:37:09.969,7.69227,7.69374,2.25,2.10
2012.01.13 15:37:10.100,7.69143,7.69374,1.45,2.10
2012.01.13 15:37:10.292,7.6917,7.69439,1.45,1.19
2012.01.13 15:37:10.358,7.69208,7.69439,2.25,1.13
2012.01.13 15:37:10.698,7.69208,7.69439,2.25,1.13
2012.01.13 15:37:12.074,7.69187,7.69442,2.95,1.18
2012.01.13 15:37:12.270,7.69187,7.6944,2.95,1.13
2012.01.13 15:37:12.401,7.69207,7.69436,2.25,1.13
2012.01.13 15:37:12.535,7.69207,7.69436,2.25,1.13
2012.01.13 15:37:14.079,7.69308,7.69454,2.25,1.56
2012.01.13 15:37:14.191,7.69308,7.69433,2.25,1.13
2012.01.13 15:37:14.479,7.69308,7.69513,2.25,2.31
2012.01.13 15:37:14.560,7.69278,7.69513,2.25,2.31
2012.01.13 15:37:17.493,7.69268,7.69495,2.85,1.13
2012.01.13 15:37:17.741,7.69268,7.69496,2.25,1.13
2012.01.13 15:37:29.754,7.69268,7.69488,2.25,1.13
2012.01.13 15:37:31.947,7.69268,7.6946,2.25,1.13
2012.01.13 15:37:34.179,7.69277,7.69463,2.25,1.50
2012.01.13 15:37:34.259,7.69277,7.69473,2.25,1.50
2012.01.13 15:37:46.005,7.69277,7.69473,2.25,1.50
2012.01.13 15:37:46.072,7.69267,7.69473,2.63,1.50
2012.01.13 15:38:10.283,7.69267,7.69473,2.25,1.50
2012.01.13 15:38:12.540,7.69267,7.69417,2.25,1.13
2012.01.13 15:38:20.165,7.69187,7.69397,2.25,1.35
2012.01.13 15:38:20.308,7.69187,7.69397,2.25,1.35
2012.01.13 15:38:23.482,7.69198,7.69396,2.25,1.13
2012.01.13 15:38:24.593,7.69217,7.69397,2.25,1.73
2012.01.13 15:39:03.176,7.69248,7.69441,2.25,1.13
2012.01.13 15:39:05.879,7.69248,7.69438,2.25,1.50
2012.01.13 15:39:06.192,7.69218,7.69418,2.25,1.50
2012.01.13 15:39:09.798,7.69218,7.69397,2.25,1.50
2012.01.13 15:39:09.887,7.69177,7.69392,2.63,1.35
2012.01.13 15:39:15.185,7.69177,7.69391,2.25,1.13
2012.01.13 15:39:15.261,7.69148,7.6936,2.63,1.50
2012.01.13 15:39:15.449,7.69148,7.6936,3.00,1.50
2012.01.13 15:39:15.758,7.69177,7.6936,2.25,1.50
2012.01.13 15:39:27.435,7.69177,7.6937,2.25,1.88
2012.01.13 15:39:27.588,7.69147,7.69369,2.63,1.13
2012.01.13 15:39:27.724,7.69147,7.69355,3.00,1.50
2012.01.13 15:40:07.023,7.69167,7.69368,1.07,1.50
2012.01.13 15:40:14.106,7.69167,7.69368,1.07,1.50
2012.01.13 15:40:15.939,7.69148,7.69368,3.00,1.50
2012.01.13 15:40:24.683,7.69148,7.69383,3.75,1.50
2012.01.13 15:40:25.732,7.69162,7.69344,1.07,2.25
2012.01.13 15:40:27.925,7.69153,7.69354,2.25,2.25
2012.01.13 15:40:28.067,7.69162,7.69354,1.07,2.25
2012.01.13 15:40:35.066,7.69158,7.69341,1.13,2.25
2012.01.13 15:40:37.872,7.69149,7.6935,2.25,1.50
2012.01.13 15:40:37.947,7.69162,7.6935,2.10,1.50
2012.01.13 15:40:38.724,7.69227,7.6936,2.25,1.50
2012.01.13 15:40:38.802,7.69188,7.69377,3.69,1.50
2012.01.13 15:40:39.541,7.69228,7.69405,2.94,1.50
2012.01.13 15:40:39.679,7.69228,7.69421,2.94,1.50
2012.01.13 15:40:39.829,7.69228,7.69421,2.94,1.50
2012.01.13 15:40:40.442,7.69229,7.6943,1.50,1.50
2012.01.13 15:40:40.787,7.69228,7.6942,2.25,1.50
2012.01.13 15:40:41.862,7.69228,7.69429,3.75,1.50
2012.01.13 15:40:42.410,7.69251,7.69452,1.50,2.25
2012.01.13 15:40:42.686,7.69251,7.69452,1.50,1.50
2012.01.13 15:40:42.835,7.69268,7.69452,2.25,1.50
2012.01.13 15:40:43.471,7.69268,7.69452,3.00,2.25
2012.01.13 15:40:43.800,7.69297,7.69476,3.00,1.88
2012.01.13 15:40:44.218,7.69368,7.69486,2.25,1.50
2012.01.13 15:40:44.366,7.69368,7.6954,2.25,1.50
2012.01.13 15:40:44.581,7.69348,7.69545,2.25,1.50
2012.01.13 15:40:45.313,7.69348,7.6952,2.25,1.50
2012.01.13 15:40:45.766,7.69355,7.69554,1.50,1.50
2012.01.13 15:40:45.843,7.69408,7.69554,2.25,1.50
2012.01.13 15:40:46.043,7.69417,7.6957,2.25,1.50
2012.01.13 15:40:46.494,7.69417,7.69582,2.25,1.50
2012.01.13 15:40:47.861,7.69407,7.69582,2.25,1.50
2012.01.13 15:40:48.005,7.69428,7.69582,2.10,1.50
2012.01.13 15:40:48.344,7.69488,7.69613,2.25,1.50
2012.01.13 15:40:49.077,7.69478,7.69613,2.25,1.50
2012.01.13 15:40:49.683,7.69408,7.69595,2.25,1.50
2012.01.13 15:40:53.656,7.69408,7.69595,2.95,1.50
2012.01.13 15:40:53.734,7.69477,7.69657,2.25,1.50
2012.01.13 15:40:54.145,7.69477,7.69668,2.25,1.50
2012.01.13 15:40:55.527,7.69477,7.69676,2.25,1.50
2012.01.13 15:41:00.815,7.69483,7.69684,1.50,1.50
2012.01.13 15:41:01.065,7.69487,7.69684,2.25,1.50
2012.01.13 15:41:03.896,7.69487,7.69676,2.25,1.50
2012.01.13 15:41:04.818,7.69487,7.69668,2.25,1.50
2012.01.13 15:41:05.034,7.69477,7.69668,2.44,1.50
2012.01.13 15:41:05.232,7.69497,7.69668,2.25,1.50
2012.01.13 15:41:05.373,7.69497,7.69676,2.25,1.50
2012.01.13 15:41:06.453,7.69497,7.69676,2.85,1.50
2012.01.13 15:41:06.763,7.69497,7.69676,2.25,1.50
2012.01.13 15:41:06.834,7.69497,7.69684,2.63,1.50
2012.01.13 15:41:06.903,7.69517,7.69684,2.25,1.50
2012.01.13 15:41:08.487,7.69517,7.69693,2.25,1.50
2012.01.13 15:41:10.719,7.69528,7.69706,2.94,1.50
2012.01.13 15:41:11.036,7.69528,7.69696,2.94,1.50
2012.01.13 15:41:11.119,7.69528,7.69696,2.25,1.50
2012.01.13 15:41:12.105,7.69538,7.69696,2.25,1.50
2012.01.13 15:41:12.578,7.69538,7.69706,2.25,1.50
2012.01.13 15:41:13.736,7.69538,7.69713,2.25,1.50
2012.01.13 15:41:14.412,7.69538,7.69721,2.25,1.50
2012.01.13 15:41:14.834,7.69538,7.69732,2.25,1.50
2012.01.13 15:41:14.905,7.69538,7.69724,2.25,1.50
2012.01.13 15:41:15.741,7.69538,7.69732,2.25,1.50
2012.01.13 15:41:16.368,7.69542,7.69743,1.50,1.50
2012.01.13 15:41:18.367,7.69548,7.69743,2.25,1.50
2012.01.13 15:41:18.725,7.69548,7.69731,2.25,1.50
2012.01.13 15:41:19.250,7.69548,7.69739,2.25,1.50
2012.01.13 15:41:19.330,7.69538,7.69739,1.69,1.50
2012.01.13 15:41:19.793,7.69537,7.6973,2.44,1.50
2012.01.13 15:41:21.486,7.69537,7.6973,2.44,1.50
2012.01.13 15:41:23.343,7.69541,7.69742,1.69,1.50
2012.01.13 15:41:24.259,7.69541,7.69742,1.69,1.50
2012.01.13 15:41:26.707,7.69541,7.69742,1.50,2.25
2012.01.13 15:41:26.785,7.69524,7.69721,1.69,2.25
2012.01.13 15:41:29.264,7.69513,7.69712,1.88,2.25
2012.01.13 15:41:31.232,7.69504,7.69703,2.10,1.50
2012.01.13 15:41:31.304,7.69557,7.69703,2.25,1.50
2012.01.13 15:41:31.373,7.69557,7.69717,2.25,1.50
2012.01.13 15:41:32.103,7.69557,7.69757,2.25,1.50
2012.01.13 15:41:32.571,7.69564,7.69765,1.50,1.50
2012.01.13 15:41:34.174,7.69573,7.69774,1.50,1.50
2012.01.13 15:41:36.380,7.69582,7.69783,1.50,1.50
2012.01.13 15:41:37.013,7.6959,7.69791,1.50,2.10
2012.01.13 15:41:38.461,7.6959,7.69751,1.50,1.50
2012.01.13 15:41:38.533,7.69557,7.69726,2.25,1.50
2012.01.13 15:41:38.601,7.69527,7.69726,2.25,1.50
2012.01.13 15:41:38.732,7.69527,7.69726,1.50,1.50
2012.01.13 15:41:39.499,7.69519,7.69718,1.50,1.50
2012.01.13 15:41:40.500,7.69531,7.6973,1.50,1.50
2012.01.13 15:41:40.759,7.69571,7.69772,1.50,1.50
2012.01.13 15:41:41.070,7.6958,7.69781,1.50,2.25
2012.01.13 15:41:43.171,7.69589,7.69788,1.50,2.25
2012.01.13 15:41:43.539,7.69602,7.69803,1.50,2.85
2012.01.13 15:41:45.430,7.69594,7.69793,1.50,2.25
2012.01.13 15:41:48.131,7.69583,7.69784,1.50,2.25
2012.01.13 15:41:49.924,7.69593,7.69792,1.50,2.25
2012.01.13 15:41:58.397,7.69584,7.69785,1.50,2.25
2012.01.13 15:42:10.541,7.69594,7.69793,1.50,2.25
2012.01.13 15:42:13.499,7.69585,7.69786,1.50,2.25
2012.01.13 15:42:17.668,7.69585,7.69786,1.50,1.50
2012.01.13 15:42:18.394,7.69585,7.69786,2.19,1.50
2012.01.13 15:42:18.466,7.69585,7.69786,2.19,1.50
2012.01.13 15:42:19.290,7.69585,7.69786,1.50,1.50
2012.01.13 15:42:29.831,7.69594,7.69795,1.50,1.50
2012.01.13 15:42:36.299,7.69585,7.69784,1.50,1.50
2012.01.13 15:42:40.641,7.69595,7.69796,1.50,1.50
2012.01.13 15:42:41.645,7.69611,7.69812,1.50,1.50
2012.01.13 15:42:41.960,7.69619,7.6982,1.50,1.50
2012.01.13 15:42:44.081,7.69628,7.69827,1.50,2.25
2012.01.13 15:42:44.865,7.69636,7.69835,1.50,2.25
2012.01.13 15:42:48.070,7.69628,7.69827,1.50,2.25
2012.01.13 15:42:54.776,7.69619,7.6982,1.50,1.50
2012.01.13 15:42:58.030,7.69607,7.6972,2.25,1.50
2012.01.13 15:42:58.113,7.69469,7.69708,1.50,1.50
2012.01.13 15:42:59.728,7.69488,7.6968,2.25,1.50
2012.01.13 15:43:02.521,7.69488,7.69687,3.75,1.50
2012.01.13 15:43:03.819,7.69488,7.6968,2.25,1.50
2012.01.13 15:43:05.290,7.69504,7.69703,1.50,1.50
2012.01.13 15:43:10.347,7.69502,7.69703,1.50,1.50
2012.01.13 15:43:13.706,7.69514,7.69713,1.50,1.50
2012.01.13 15:43:15.463,7.69506,7.69705,1.50,1.50
2012.01.13 15:43:18.481,7.69497,7.69688,2.25,1.50
2012.01.13 15:43:18.793,7.69487,7.69688,3.75,2.25
2012.01.13 15:43:19.699,7.69487,7.69688,3.75,1.50
2012.01.13 15:43:19.776,7.69487,7.69688,2.25,2.25
2012.01.13 15:43:23.242,7.69461,7.69649,1.50,2.10
2012.01.13 15:43:23.313,7.69429,7.69628,1.88,2.10
2012.01.13 15:43:23.383,7.69388,7.69587,1.50,1.50
2012.01.13 15:43:23.531,7.69417,7.69616,1.50,1.50
2012.01.13 15:43:23.883,7.69438,7.69616,2.25,1.50
2012.01.13 15:43:24.823,7.69417,7.69616,1.50,2.10
2012.01.13 15:43:24.901,7.69371,7.6957,1.50,1.50
2012.01.13 15:43:24.973,7.69412,7.69613,1.50,1.50
2012.01.13 15:43:25.042,7.69437,7.69613,2.25,1.50
2012.01.13 15:43:27.275,7.69437,7.69622,2.25,1.50
2012.01.13 15:43:27.486,7.69423,7.69622,1.50,1.50
2012.01.13 15:43:28.014,7.69423,7.69583,1.50,1.35
2012.01.13 15:43:28.081,7.69412,7.69583,1.50,1.35
2012.01.13 15:43:28.153,7.69356,7.69555,1.50,1.50
2012.01.13 15:43:29.418,7.69348,7.69547,2.25,1.50
2012.01.13 15:43:29.754,7.69348,7.69488,2.25,2.10
2012.01.13 15:43:29.897,7.69339,7.69524,1.50,1.50
2012.01.13 15:43:30.497,7.69305,7.69504,1.50,2.25
2012.01.13 15:43:30.539,7.6932,7.69519,1.50,2.25
2012.01.13 15:43:30.968,7.6932,7.69489,1.50,2.10
2012.01.13 15:43:31.233,7.6928,7.69479,1.50,2.10
2012.01.13 15:43:32.070,7.69271,7.69472,1.50,2.85
2012.01.13 15:43:32.342,7.69291,7.6949,1.50,1.50
2012.01.13 15:43:32.671,7.69291,7.6949,2.03,1.50
2012.01.13 15:43:32.742,7.69291,7.6949,1.88,1.50
2012.01.13 15:43:32.810,7.69309,7.6951,1.88,2.25
2012.01.13 15:43:32.886,7.69309,7.6951,1.50,2.25
2012.01.13 15:43:33.234,7.69309,7.6951,2.19,2.25
2012.01.13 15:43:33.999,7.69404,7.69505,2.19,1.50
2012.01.13 15:43:34.083,7.69458,7.69668,2.94,1.56
2012.01.13 15:43:34.158,7.69458,7.69668,2.94,1.50
2012.01.13 15:43:34.237,7.69487,7.69668,2.94,1.50
2012.01.13 15:43:34.313,7.69487,7.69694,2.94,1.50
2012.01.13 15:43:34.518,7.69453,7.69694,2.25,1.50
2012.01.13 15:43:34.669,7.69462,7.69701,2.25,1.50
2012.01.13 15:43:34.743,7.69483,7.69701,1.44,1.50
2012.01.13 15:43:34.958,7.69484,7.69703,1.44,1.50
2012.01.13 15:43:35.569,7.69505,7.69683,1.44,1.50
2012.01.13 15:43:36.394,7.69505,7.69691,1.44,1.50
2012.01.13 15:43:37.976,7.69502,7.697,1.44,1.50
2012.01.13 15:43:38.185,7.69499,7.697,2.19,1.50
2012.01.13 15:43:38.835,7.6949,7.69665,2.19,1.50
2012.01.13 15:43:39.124,7.69507,7.69626,1.44,1.50
2012.01.13 15:43:39.264,7.69507,7.697,1.44,1.50
2012.01.13 15:43:42.409,7.69508,7.69707,2.19,1.50
2012.01.13 15:43:46.114,7.69409,7.69606,1.45,1.50
2012.01.13 15:43:46.180,7.69385,7.69606,2.25,1.50
2012.01.13 15:43:46.251,7.69378,7.69597,2.25,1.50
2012.01.13 15:43:48.618,7.6937,7.69569,2.25,1.50
2012.01.13 15:43:48.975,7.69367,7.69562,1.13,1.50
2012.01.13 15:43:51.601,7.69365,7.69554,1.13,1.50
2012.01.13 15:43:56.443,7.69361,7.69562,2.25,1.50
2012.01.13 15:44:01.020,7.69358,7.69552,3.00,1.50
2012.01.13 15:44:04.112,7.69367,7.69566,2.25,1.50
2012.01.13 15:44:07.889,7.69359,7.69558,2.25,1.50
2012.01.13 15:44:11.808,7.6936,7.69546,1.13,1.50
2012.01.13 15:44:13.621,7.69358,7.69555,3.00,1.50
2012.01.13 15:44:14.404,7.69369,7.69546,1.44,1.50
2012.01.13 15:44:15.123,7.69369,7.69556,1.44,1.50
2012.01.13 15:44:16.158,7.69351,7.69548,1.44,1.88
2012.01.13 15:44:16.498,7.69347,7.69548,2.94,1.50
2012.01.13 15:44:16.636,7.69348,7.6954,2.94,1.50
2012.01.13 15:44:17.045,7.69387,7.6954,1.44,1.50
2012.01.13 15:44:17.117,7.69427,7.69604,2.94,1.50
2012.01.13 15:44:17.721,7.69427,7.69604,2.94,1.50
2012.01.13 15:44:18.177,7.69427,7.69612,2.94,1.50
2012.01.13 15:44:21.547,7.69427,7.6962,2.94,1.50
2012.01.13 15:44:23.463,7.69421,7.69619,2.19,1.50
2012.01.13 15:44:23.533,7.69394,7.69585,1.50,1.35
2012.01.13 15:44:24.023,7.69381,7.69582,1.50,2.10
2012.01.13 15:44:25.527,7.69328,7.69524,3.70,2.25
2012.01.13 15:44:25.863,7.69333,7.69524,1.07,2.25
2012.01.13 15:44:26.250,7.69333,7.69524,1.07,2.25
2012.01.13 15:44:28.305,7.69333,7.69516,1.07,2.25
2012.01.13 15:44:32.478,7.69317,7.69497,2.94,1.50
2012.01.13 15:44:32.681,7.69328,7.69497,1.07,2.25
2012.01.13 15:44:33.500,7.69328,7.6951,1.07,2.25
2012.01.13 15:44:44.730,7.69308,7.69493,2.94,1.50
2012.01.13 15:44:50.154,7.69297,7.69476,1.07,2.25
2012.01.13 15:44:51.910,7.69297,7.69476,1.07,2.25
2012.01.13 15:44:52.693,7.69297,7.69476,1.07,2.25
2012.01.13 15:45:01.498,7.6928,7.69468,1.50,2.25
2012.01.13 15:45:02.185,7.69297,7.69468,1.07,2.25
2012.01.13 15:45:03.989,7.6928,7.69448,1.44,1.50
2012.01.13 15:45:04.584,7.69293,7.69462,1.07,2.25
2012.01.13 15:45:08.860,7.69278,7.69462,2.94,2.25
2012.01.13 15:45:08.993,7.69278,7.69462,2.94,2.25
2012.01.13 15:45:09.243,7.69287,7.69462,1.07,2.25
2012.01.13 15:45:09.881,7.69287,7.69462,1.07,2.25
2012.01.13 15:45:11.480,7.69297,7.6947,1.07,2.25
2012.01.13 15:45:12.469,7.69287,7.6947,1.07,2.25
2012.01.13 15:45:16.178,7.69276,7.69475,2.19,2.25
2012.01.13 15:45:16.455,7.69282,7.69467,1.07,2.25
2012.01.13 15:45:17.696,7.69268,7.69467,4.44,2.25
2012.01.13 15:45:17.974,7.69268,7.69467,2.19,2.25
2012.01.13 15:45:19.399,7.69278,7.69467,1.07,2.25
2012.01.13 15:45:21.693,7.69259,7.69458,2.19,2.25
2012.01.13 15:45:21.896,7.69259,7.69458,2.19,1.88
2012.01.13 15:45:22.226,7.69259,7.69422,2.19,1.35
2012.01.13 15:45:22.370,7.69248,7.69366,2.25,1.50
2012.01.13 15:45:22.443,7.69171,7.69366,1.28,1.50
2012.01.13 15:45:22.512,7.69248,7.69366,2.25,1.50
2012.01.13 15:45:22.654,7.69248,7.6944,2.25,2.25
2012.01.13 15:45:22.725,7.69248,7.69431,2.94,1.50
2012.01.13 15:45:23.415,7.69248,7.69431,2.94,1.50
2012.01.13 15:45:24.752,7.69227,7.69424,2.94,1.50
2012.01.13 15:45:24.825,7.69233,7.69434,2.19,1.50
2012.01.13 15:45:25.703,7.69227,7.69426,2.94,1.50
2012.01.13 15:45:26.174,7.69248,7.69425,2.94,1.50
2012.01.13 15:45:27.236,7.69227,7.69425,2.94,1.50
