2012.09.27 18:00:00.885,7.37232,7.37433,1.22,1.50
2012.09.27 18:00:07.015,7.37232,7.37419,1.22,1.50
2012.09.27 18:00:09.479,7.37232,7.37431,1.22,1.50
2012.09.27 18:00:12.035,7.37232,7.37417,1.22,1.50
2012.09.27 18:00:13.123,7.37232,7.3743,1.22,1.50
2012.09.27 18:00:28.949,7.37232,7.37417,1.34,1.50
2012.09.27 18:00:41.000,7.37232,7.3743,1.34,1.50
2012.09.27 18:01:01.136,7.37232,7.37429,1.34,1.50
2012.09.27 18:01:21.418,7.37232,7.37428,1.34,1.50
2012.09.27 18:02:01.399,7.37232,7.37426,1.34,1.50
2012.09.27 18:02:21.725,7.37232,7.37422,1.34,1.50
2012.09.27 18:02:41.383,7.37232,7.3743,1.34,1.50
2012.09.27 18:02:52.233,7.37232,7.3739,1.34,1.50
2012.09.27 18:02:52.333,7.37148,7.3739,1.02,1.50
2012.09.27 18:02:52.429,7.37141,7.37393,2.10,1.08
2012.09.27 18:02:52.802,7.37234,7.37427,1.32,1.50
2012.09.27 18:02:54.658,7.37234,7.37415,1.32,1.50
2012.09.27 18:02:54.743,7.3718,7.37392,2.55,1.50
2012.09.27 18:02:54.825,7.37118,7.37392,2.10,2.08
2012.09.27 18:02:55.062,7.37214,7.37403,1.22,1.49
2012.09.27 18:02:55.148,7.37214,7.37429,1.22,1.50
2012.09.27 18:02:57.487,7.37155,7.37391,1.08,2.06
2012.09.27 18:03:02.521,7.37165,7.37402,1.35,2.25
2012.09.27 18:03:02.607,7.37191,7.37402,1.55,1.50
2012.09.27 18:03:02.699,7.37191,7.37428,1.55,1.50
2012.09.27 18:03:06.220,7.37191,7.3738,1.55,1.50
2012.09.27 18:03:06.377,7.37106,7.3738,2.16,1.73
2012.09.27 18:03:06.539,7.37102,7.37366,1.41,1.50
2012.09.27 18:03:22.274,7.37102,7.37349,1.41,1.50
2012.09.27 18:03:22.497,7.37102,7.37361,1.41,1.50
2012.09.27 18:03:24.726,7.37102,7.37348,1.41,1.50
2012.09.27 18:03:25.088,7.37102,7.37361,1.41,1.50
2012.09.27 18:03:25.696,7.37211,7.37486,1.53,1.08
2012.09.27 18:03:25.782,7.37237,7.37475,1.01,1.50
2012.09.27 18:03:25.947,7.37237,7.37489,1.01,1.50
2012.09.27 18:03:26.027,7.3727,7.37502,1.07,1.50
2012.09.27 18:03:26.245,7.37227,7.37502,1.05,1.50
2012.09.27 18:03:26.465,7.37227,7.3749,1.05,1.50
2012.09.27 18:03:26.975,7.37247,7.37431,1.05,1.50
2012.09.27 18:03:27.138,7.37183,7.37419,1.50,1.50
2012.09.27 18:03:27.390,7.37183,7.37405,3.53,1.50
2012.09.27 18:03:27.563,7.37183,7.37419,1.50,1.50
2012.09.27 18:03:32.869,7.37182,7.37438,2.33,1.50
2012.09.27 18:03:33.449,7.37183,7.37438,1.58,1.50
2012.09.27 18:03:43.992,7.37183,7.3741,1.58,1.50
2012.09.27 18:03:56.037,7.37183,7.37434,2.78,1.73
2012.09.27 18:03:58.575,7.37183,7.37421,2.55,1.50
2012.09.27 18:04:18.467,7.37183,7.37424,2.33,1.50
2012.09.27 18:04:21.318,7.37182,7.37424,2.48,1.50
2012.09.27 18:05:38.580,7.37182,7.37472,2.10,1.33
2012.09.27 18:05:38.836,7.37182,7.37425,2.10,1.50
2012.09.27 18:05:58.917,7.37182,7.3743,2.10,1.50
2012.09.27 18:06:18.967,7.37182,7.37422,2.10,1.50
2012.09.27 18:06:48.658,7.37182,7.37442,2.10,1.73
2012.09.27 18:06:54.815,7.37182,7.37424,2.10,1.50
2012.09.27 18:07:08.987,7.3719,7.37462,2.25,2.67
2012.09.27 18:07:15.197,7.37182,7.37425,2.10,1.50
2012.09.27 18:07:18.157,7.37182,7.37449,2.10,1.73
2012.09.27 18:07:18.706,7.37182,7.37434,2.10,1.50
2012.09.27 18:07:38.117,7.37182,7.37421,2.10,1.50
2012.09.27 18:07:38.639,7.37182,7.37442,2.10,1.73
2012.09.27 18:07:38.987,7.37182,7.37415,2.10,1.50
2012.09.27 18:07:40.483,7.37183,7.37415,1.65,2.25
2012.09.27 18:07:41.040,7.37182,7.37415,1.58,1.50
2012.09.27 18:07:41.239,7.37182,7.37428,1.58,1.50
2012.09.27 18:08:01.325,7.37182,7.37426,1.58,1.50
2012.09.27 18:08:21.306,7.37182,7.37434,1.58,1.50
2012.09.27 18:08:27.995,7.37162,7.37434,1.50,1.50
2012.09.27 18:08:29.299,7.37147,7.37421,1.50,1.50
2012.09.27 18:08:51.186,7.37192,7.37421,3.27,1.50
2012.09.27 18:09:09.234,7.37192,7.37416,3.27,1.50
2012.09.27 18:09:10.331,7.37191,7.37416,3.18,1.50
2012.09.27 18:09:29.484,7.37191,7.37418,3.18,1.50
2012.09.27 18:09:49.092,7.37192,7.37418,2.10,1.50
2012.09.27 18:09:49.840,7.37192,7.37421,2.10,1.50
2012.09.27 18:10:08.626,7.37192,7.37436,2.10,1.50
2012.09.27 18:10:21.970,7.37275,7.37472,1.35,1.10
2012.09.27 18:10:22.062,7.37274,7.37494,1.35,1.50
2012.09.27 18:10:22.149,7.37274,7.37471,1.35,1.50
2012.09.27 18:10:22.842,7.37225,7.37471,1.35,1.50
2012.09.27 18:10:32.177,7.37224,7.37455,1.35,1.50
2012.09.27 18:10:39.394,7.37224,7.37443,1.35,1.50
2012.09.27 18:10:50.383,7.37224,7.37456,1.35,1.50
2012.09.27 18:10:52.027,7.37225,7.37479,1.35,1.50
2012.09.27 18:11:00.937,7.37224,7.37464,1.35,1.50
2012.09.27 18:11:10.514,7.37225,7.3745,1.35,1.50
2012.09.27 18:11:14.589,7.37225,7.37469,1.35,1.50
2012.09.27 18:11:18.465,7.37225,7.37454,1.35,1.50
2012.09.27 18:11:22.751,7.37215,7.37454,1.65,1.50
2012.09.27 18:11:23.838,7.37215,7.37467,1.65,1.50
2012.09.27 18:11:24.411,7.37214,7.37467,2.63,1.50
2012.09.27 18:11:30.779,7.37215,7.37467,1.80,1.50
2012.09.27 18:11:36.163,7.37214,7.37454,2.10,1.50
2012.09.27 18:11:43.040,7.37214,7.37467,2.10,1.50
2012.09.27 18:11:43.729,7.37215,7.37467,1.73,1.50
2012.09.27 18:12:00.573,7.37215,7.37482,1.73,1.50
2012.09.27 18:12:01.111,7.37215,7.37469,1.73,1.50
2012.09.27 18:12:01.436,7.37252,7.37469,2.33,1.50
2012.09.27 18:12:01.591,7.37214,7.37469,1.73,1.50
2012.09.27 18:12:20.925,7.37214,7.37462,1.73,1.50
2012.09.27 18:12:41.168,7.37214,7.37461,2.25,1.50
2012.09.27 18:12:44.313,7.37317,7.37461,2.10,1.50
2012.09.27 18:12:44.411,7.3735,7.37523,1.35,1.50
2012.09.27 18:12:44.500,7.37287,7.37471,1.71,1.50
2012.09.27 18:12:44.587,7.37267,7.37471,2.19,1.50
2012.09.27 18:12:44.753,7.37326,7.37471,3.17,1.50
2012.09.27 18:12:44.845,7.37341,7.37524,1.35,1.50
2012.09.27 18:12:45.000,7.37341,7.37543,1.35,1.50
2012.09.27 18:12:45.748,7.37361,7.37515,1.35,1.50
2012.09.27 18:12:45.841,7.3724,7.3749,1.35,1.50
2012.09.27 18:12:52.177,7.3726,7.37505,1.35,1.50
2012.09.27 18:12:52.776,7.3726,7.37492,1.35,1.50
2012.09.27 18:13:12.617,7.37254,7.37497,1.35,1.50
2012.09.27 18:13:14.233,7.3725,7.37513,1.35,1.50
2012.09.27 18:13:14.563,7.3725,7.37493,1.35,1.50
2012.09.27 18:13:14.779,7.3725,7.37511,1.35,1.50
2012.09.27 18:13:15.612,7.3725,7.37498,1.35,1.50
2012.09.27 18:13:35.877,7.37263,7.37492,1.35,1.50
2012.09.27 18:13:45.880,7.37248,7.37492,1.50,1.50
2012.09.27 18:13:53.687,7.37247,7.37492,1.50,1.50
2012.09.27 18:13:54.491,7.37252,7.37492,1.65,1.50
2012.09.27 18:13:55.700,7.37252,7.37493,1.65,1.50
2012.09.27 18:13:56.518,7.37253,7.37493,2.63,1.50
2012.09.27 18:14:31.315,7.37253,7.37507,2.63,1.50
2012.09.27 18:14:32.504,7.37252,7.37507,1.80,1.50
2012.09.27 18:14:48.051,7.37281,7.37552,1.50,1.50
2012.09.27 18:15:07.518,7.37278,7.37549,1.50,1.50
2012.09.27 18:15:27.543,7.37269,7.37542,1.50,1.50
2012.09.27 18:15:45.621,7.37283,7.37554,1.50,1.50
2012.09.27 18:16:05.594,7.37279,7.37552,1.50,1.50
2012.09.27 18:16:25.695,7.37277,7.3755,1.50,1.50
2012.09.27 18:16:46.092,7.37289,7.3756,1.50,1.50
2012.09.27 18:16:55.390,7.37289,7.3756,2.25,1.50
2012.09.27 18:17:04.234,7.3731,7.37581,1.50,1.50
2012.09.27 18:17:04.386,7.3731,7.37581,2.25,1.50
2012.09.27 18:17:05.788,7.3731,7.37581,1.50,1.50
2012.09.27 18:17:08.186,7.37322,7.37595,1.50,2.25
2012.09.27 18:17:20.249,7.37308,7.37579,1.50,1.50
2012.09.27 18:17:26.969,7.37356,7.37579,2.33,1.50
2012.09.27 18:17:27.057,7.37356,7.37626,2.33,1.50
2012.09.27 18:17:27.134,7.37371,7.37642,2.10,1.50
2012.09.27 18:17:27.892,7.37384,7.37655,2.10,1.50
2012.09.27 18:17:31.956,7.37396,7.37669,1.50,1.50
2012.09.27 18:17:40.259,7.37417,7.37688,1.50,2.25
2012.09.27 18:17:41.076,7.374,7.37673,1.50,1.50
2012.09.27 18:17:46.975,7.37419,7.37691,1.50,2.40
2012.09.27 18:17:51.048,7.37407,7.37678,1.50,1.50
2012.09.27 18:17:56.572,7.37427,7.377,1.50,1.50
2012.09.27 18:17:57.062,7.37442,7.37715,1.50,1.50
2012.09.27 18:18:14.662,7.37456,7.37727,1.50,1.50
2012.09.27 18:18:18.031,7.37456,7.37727,2.10,1.50
2012.09.27 18:18:18.190,7.37478,7.37751,1.50,1.50
2012.09.27 18:18:27.940,7.37496,7.37767,1.50,1.50
2012.09.27 18:18:35.191,7.37511,7.37784,1.50,1.62
2012.09.27 18:18:37.901,7.37511,7.37784,2.10,1.62
2012.09.27 18:18:38.447,7.37531,7.37792,2.10,1.22
2012.09.27 18:18:49.193,7.37546,7.37792,1.50,1.22
2012.09.27 18:18:50.807,7.37546,7.37793,1.50,1.29
2012.09.27 18:18:51.129,7.3758,7.37793,1.50,1.29
2012.09.27 18:18:57.200,7.37596,7.37793,1.50,1.29
2012.09.27 18:18:57.816,7.37596,7.37793,2.10,1.29
2012.09.27 18:18:58.357,7.37581,7.37802,2.10,1.80
2012.09.27 18:19:04.445,7.37609,7.37792,1.50,1.08
2012.09.27 18:19:04.774,7.37597,7.37792,2.10,1.08
2012.09.27 18:19:05.248,7.37597,7.37812,2.10,1.48
2012.09.27 18:19:05.495,7.37646,7.37812,2.10,1.48
2012.09.27 18:19:05.577,7.37646,7.37873,2.10,1.22
2012.09.27 18:19:05.659,7.37646,7.37873,1.50,1.22
2012.09.27 18:19:05.818,7.37608,7.37875,1.17,1.50
2012.09.27 18:19:06.058,7.37633,7.37906,2.10,1.50
2012.09.27 18:19:07.745,7.37648,7.37919,2.10,1.50
2012.09.27 18:19:11.225,7.37662,7.37932,1.50,1.20
2012.09.27 18:19:12.669,7.37662,7.37923,1.50,1.56
2012.09.27 18:19:12.757,7.37647,7.3792,2.10,1.73
2012.09.27 18:19:12.977,7.37647,7.37882,1.50,1.17
2012.09.27 18:19:13.062,7.3762,7.37882,2.10,1.17
2012.09.27 18:19:13.314,7.3762,7.37872,2.10,1.24
2012.09.27 18:19:14.455,7.3762,7.37872,2.10,1.24
2012.09.27 18:19:18.016,7.37607,7.37872,1.50,1.24
2012.09.27 18:19:31.955,7.37607,7.37873,1.50,1.58
2012.09.27 18:19:32.267,7.37607,7.37853,1.50,1.33
2012.09.27 18:19:35.479,7.37604,7.37853,1.50,1.33
2012.09.27 18:19:55.415,7.376,7.37853,1.50,1.33
2012.09.27 18:20:15.346,7.37603,7.37853,1.50,1.33
2012.09.27 18:20:23.265,7.37603,7.37874,1.50,2.25
2012.09.27 18:20:34.165,7.37603,7.37874,1.50,1.50
2012.09.27 18:20:55.505,7.37602,7.37873,1.50,1.50
2012.09.27 18:21:04.183,7.37637,7.37893,1.50,1.50
2012.09.27 18:21:07.247,7.3765,7.37902,1.50,2.46
2012.09.27 18:21:07.338,7.3765,7.37921,1.50,2.25
2012.09.27 18:21:07.425,7.3765,7.37921,1.50,1.50
2012.09.27 18:21:19.854,7.3765,7.37921,2.10,1.50
2012.09.27 18:21:27.396,7.3766,7.37933,1.50,1.50
2012.09.27 18:21:38.828,7.3766,7.37932,1.50,1.17
2012.09.27 18:21:40.156,7.37673,7.37932,1.50,1.17
2012.09.27 18:21:40.678,7.37673,7.37933,1.50,1.23
2012.09.27 18:21:50.320,7.37673,7.37932,1.50,1.80
2012.09.27 18:21:50.765,7.3769,7.37932,1.50,1.80
2012.09.27 18:21:52.726,7.3769,7.37933,1.50,1.36
2012.09.27 18:22:10.387,7.37699,7.37933,1.50,1.25
2012.09.27 18:22:12.839,7.37699,7.37942,1.50,1.44
2012.09.27 18:22:14.777,7.37699,7.37953,1.50,1.61
2012.09.27 18:22:30.438,7.37697,7.37943,1.50,1.10
2012.09.27 18:22:35.464,7.37697,7.37962,1.50,1.11
2012.09.27 18:22:36.164,7.37697,7.3797,1.50,2.40
2012.09.27 18:22:45.218,7.37697,7.37952,1.50,1.20
2012.09.27 18:22:50.553,7.37699,7.37952,1.50,1.20
2012.09.27 18:22:55.275,7.37699,7.37953,1.50,1.16
2012.09.27 18:22:57.299,7.37711,7.37953,1.50,1.16
2012.09.27 18:23:05.337,7.37711,7.37952,1.50,1.23
2012.09.27 18:23:06.428,7.37711,7.37953,1.50,1.11
2012.09.27 18:23:06.525,7.37679,7.37948,1.50,1.65
2012.09.27 18:23:06.675,7.37664,7.37932,1.50,1.34
2012.09.27 18:23:07.249,7.37664,7.37932,1.50,1.65
2012.09.27 18:23:07.668,7.3765,7.37923,1.50,1.65
2012.09.27 18:23:08.967,7.3765,7.37906,1.50,1.50
2012.09.27 18:23:09.049,7.3761,7.37881,1.50,2.25
2012.09.27 18:23:09.138,7.37597,7.37868,1.50,1.50
2012.09.27 18:23:09.234,7.37597,7.37833,1.50,1.02
2012.09.27 18:23:09.740,7.37597,7.37832,1.50,1.26
2012.09.27 18:23:15.627,7.37582,7.37832,1.50,1.26
2012.09.27 18:23:25.065,7.37604,7.37832,1.50,1.26
2012.09.27 18:23:26.266,7.37591,7.37832,1.50,1.26
2012.09.27 18:23:36.085,7.37577,7.37832,1.50,1.26
2012.09.27 18:23:56.018,7.37572,7.37832,1.50,1.74
2012.09.27 18:24:08.536,7.37559,7.3783,1.50,2.40
2012.09.27 18:24:08.620,7.37559,7.37802,1.50,1.20
2012.09.27 18:24:08.779,7.37559,7.37822,1.50,1.13
2012.09.27 18:24:09.542,7.37559,7.37812,1.50,1.15
2012.09.27 18:24:28.471,7.37557,7.37812,2.10,1.15
2012.09.27 18:24:54.428,7.37569,7.37812,1.50,1.15
2012.09.27 18:24:55.926,7.37569,7.37832,1.50,3.99
2012.09.27 18:24:56.770,7.37569,7.37832,1.50,1.50
2012.09.27 18:24:57.945,7.37569,7.3784,1.50,2.25
2012.09.27 18:24:58.030,7.37582,7.37855,1.50,1.50
2012.09.27 18:24:58.192,7.37596,7.37855,2.10,3.00
2012.09.27 18:24:58.502,7.37596,7.37831,2.10,1.50
2012.09.27 18:24:59.476,7.37596,7.37844,2.10,1.50
2012.09.27 18:25:04.860,7.37596,7.37862,2.10,1.50
2012.09.27 18:25:05.545,7.37627,7.379,2.10,1.50
2012.09.27 18:25:09.939,7.37641,7.37912,1.50,1.50
2012.09.27 18:25:23.507,7.37654,7.37925,1.50,2.25
2012.09.27 18:25:25.557,7.37654,7.37925,1.50,1.50
2012.09.27 18:25:28.477,7.3767,7.37941,1.50,1.50
2012.09.27 18:25:30.229,7.3765,7.37923,1.50,1.50
2012.09.27 18:25:32.871,7.37663,7.37936,1.50,1.50
2012.09.27 18:25:35.295,7.37679,7.37952,1.50,2.25
2012.09.27 18:25:35.386,7.37679,7.37952,1.50,1.50
2012.09.27 18:25:36.047,7.37679,7.37952,2.10,1.50
2012.09.27 18:25:36.443,7.37702,7.37973,2.10,1.50
2012.09.27 18:25:40.788,7.37716,7.37987,1.50,1.54
2012.09.27 18:25:48.588,7.3774,7.37993,1.50,1.26
2012.09.27 18:25:48.959,7.37726,7.37993,1.50,1.26
2012.09.27 18:25:50.449,7.37726,7.37992,1.50,1.61
2012.09.27 18:25:51.297,7.37738,7.37992,1.50,1.61
2012.09.27 18:25:51.604,7.37738,7.37992,2.10,1.61
2012.09.27 18:25:52.483,7.37804,7.37992,2.33,1.61
2012.09.27 18:25:52.789,7.3782,7.38003,1.50,1.16
2012.09.27 18:25:53.599,7.3782,7.37992,1.50,1.12
2012.09.27 18:25:59.138,7.3782,7.38061,1.50,1.24
2012.09.27 18:25:59.378,7.3782,7.38093,1.50,1.50
2012.09.27 18:26:05.989,7.37837,7.3811,1.50,1.50
2012.09.27 18:26:12.972,7.37851,7.38124,1.50,1.50
2012.09.27 18:26:18.030,7.37851,7.38124,1.50,1.92
2012.09.27 18:26:18.342,7.37816,7.38062,1.50,1.69
2012.09.27 18:26:18.498,7.37803,7.3801,1.50,1.13
2012.09.27 18:26:18.589,7.37815,7.38088,1.50,1.92
2012.09.27 18:26:19.252,7.37792,7.38063,3.00,1.50
2012.09.27 18:26:19.341,7.37792,7.38063,1.50,2.25
2012.09.27 18:26:19.429,7.37792,7.38063,1.50,1.50
2012.09.27 18:26:19.656,7.37787,7.3806,1.50,1.50
2012.09.27 18:26:19.740,7.378,7.38073,1.50,1.50
2012.09.27 18:26:20.570,7.37788,7.38029,1.50,2.65
2012.09.27 18:26:21.067,7.37772,7.37986,1.50,2.47
2012.09.27 18:26:21.239,7.37755,7.37986,1.50,2.47
2012.09.27 18:26:21.328,7.37755,7.37977,1.50,2.23
2012.09.27 18:26:22.633,7.37749,7.37977,1.50,1.49
2012.09.27 18:26:26.030,7.37737,7.37977,1.50,1.49
2012.09.27 18:26:31.832,7.37737,7.37988,1.50,1.54
2012.09.27 18:26:42.310,7.37737,7.37977,1.50,1.19
2012.09.27 18:26:45.941,7.37742,7.37987,1.50,1.37
2012.09.27 18:26:48.882,7.37726,7.37987,1.50,1.37
2012.09.27 18:26:51.243,7.37712,7.37983,1.50,2.15
2012.09.27 18:26:52.884,7.37712,7.37983,1.50,2.48
2012.09.27 18:27:03.238,7.37712,7.37982,1.50,1.15
2012.09.27 18:27:03.343,7.37712,7.37983,1.50,2.26
2012.09.27 18:27:11.352,7.37722,7.37988,1.50,1.37
2012.09.27 18:27:13.156,7.37722,7.37995,1.50,2.47
2012.09.27 18:27:17.387,7.37736,7.38001,1.50,1.51
2012.09.27 18:27:23.068,7.37736,7.38009,1.50,2.31
2012.09.27 18:27:23.381,7.37752,7.38012,1.50,1.63
2012.09.27 18:27:24.512,7.37752,7.38016,1.50,1.15
2012.09.27 18:27:33.019,7.37766,7.38016,1.50,1.15
2012.09.27 18:27:33.105,7.37766,7.38026,1.50,1.41
2012.09.27 18:27:43.271,7.37766,7.38015,1.50,1.08
2012.09.27 18:27:43.496,7.37766,7.38037,1.50,2.31
2012.09.27 18:27:43.646,7.37779,7.38038,1.50,1.09
2012.09.27 18:27:53.566,7.37779,7.38038,1.50,1.06
2012.09.27 18:27:53.786,7.37763,7.38036,1.50,1.73
2012.09.27 18:27:53.866,7.37763,7.38036,1.50,2.48
2012.09.27 18:27:54.022,7.37746,7.37978,1.50,1.13
2012.09.27 18:27:54.256,7.37746,7.37998,1.50,1.61
2012.09.27 18:28:00.059,7.37729,7.37998,1.50,1.61
2012.09.27 18:28:19.056,7.37742,7.37998,1.50,1.61
2012.09.27 18:28:20.930,7.37726,7.37998,1.50,1.61
2012.09.27 18:28:27.840,7.37726,7.37995,1.50,1.14
2012.09.27 18:28:28.069,7.37741,7.37995,1.50,1.14
2012.09.27 18:28:38.453,7.37741,7.38006,1.50,1.01
2012.09.27 18:28:38.758,7.37755,7.3801,1.50,1.20
2012.09.27 18:28:43.969,7.37768,7.3801,1.50,1.20
2012.09.27 18:28:44.139,7.37768,7.38039,1.50,1.73
2012.09.27 18:28:44.286,7.37781,7.38054,1.50,2.04
2012.09.27 18:28:48.610,7.37781,7.38054,1.50,3.20
2012.09.27 18:28:49.622,7.37795,7.38054,1.50,1.70
2012.09.27 18:28:51.758,7.37795,7.38055,1.50,1.70
2012.09.27 18:28:51.996,7.37775,7.38046,1.50,2.48
2012.09.27 18:28:52.092,7.37762,7.38012,1.50,1.65
2012.09.27 18:28:56.006,7.37724,7.37995,1.50,2.40
2012.09.27 18:28:56.091,7.37724,7.37955,1.50,1.77
2012.09.27 18:28:56.179,7.37708,7.37955,1.50,1.77
2012.09.27 18:28:58.595,7.37708,7.37943,1.50,1.04
2012.09.27 18:29:02.306,7.37693,7.37943,1.50,1.04
2012.09.27 18:29:02.460,7.37693,7.37945,1.50,1.17
2012.09.27 18:29:02.737,7.37693,7.37952,1.50,1.39
2012.09.27 18:29:12.416,7.37707,7.37952,1.50,1.55
2012.09.27 18:29:19.874,7.37694,7.37955,1.50,1.55
2012.09.27 18:29:22.416,7.37711,7.37955,1.50,1.47
2012.09.27 18:29:22.636,7.37711,7.37962,1.50,1.49
2012.09.27 18:29:32.685,7.37711,7.37963,1.50,1.96
2012.09.27 18:29:32.936,7.37699,7.37963,1.50,1.96
2012.09.27 18:29:33.498,7.37699,7.37953,1.50,1.45
2012.09.27 18:29:48.144,7.37681,7.37954,1.50,2.50
2012.09.27 18:29:53.449,7.37688,7.37954,1.50,2.50
2012.09.27 18:29:53.676,7.37725,7.37991,1.50,1.28
2012.09.27 18:29:53.974,7.37725,7.37996,1.50,1.14
2012.09.27 18:29:55.026,7.37739,7.37996,1.50,1.14
2012.09.27 18:29:55.267,7.37739,7.38012,1.73,1.50
2012.09.27 18:29:55.351,7.37754,7.38025,1.50,1.88
2012.09.27 18:29:56.396,7.37754,7.38022,1.50,1.03
2012.09.27 18:29:56.768,7.37754,7.37996,1.50,1.51
2012.09.27 18:29:56.916,7.37754,7.38025,1.50,1.88
2012.09.27 18:30:00.547,7.37772,7.38041,1.50,1.78
2012.09.27 18:30:01.171,7.37785,7.38041,1.50,1.78
2012.09.27 18:30:02.222,7.37772,7.38041,1.50,1.78
2012.09.27 18:30:02.650,7.37786,7.38041,1.50,1.78
2012.09.27 18:30:03.005,7.37772,7.38041,1.50,1.78
2012.09.27 18:30:09.457,7.37787,7.38041,1.50,1.78
2012.09.27 18:30:16.859,7.37787,7.38032,1.50,1.01
2012.09.27 18:30:17.022,7.37772,7.38032,1.50,1.01
2012.09.27 18:30:17.106,7.37772,7.38043,1.50,2.39
2012.09.27 18:30:17.549,7.37786,7.38047,1.50,1.49
2012.09.27 18:30:23.005,7.37804,7.38047,1.50,1.49
2012.09.27 18:30:31.461,7.37804,7.38038,1.50,1.08
2012.09.27 18:30:31.703,7.37804,7.38045,1.50,1.13
2012.09.27 18:30:31.926,7.37779,7.38036,1.50,1.73
2012.09.27 18:30:32.010,7.37763,7.37965,1.50,1.33
2012.09.27 18:30:32.097,7.3775,7.37965,1.50,1.33
2012.09.27 18:30:32.258,7.3775,7.37965,1.50,1.33
2012.09.27 18:30:32.419,7.37727,7.37948,1.50,1.13
2012.09.27 18:30:32.508,7.37721,7.37943,1.50,1.15
2012.09.27 18:30:32.596,7.37705,7.3793,1.50,1.74
2012.09.27 18:30:32.746,7.3768,7.3793,1.50,1.74
2012.09.27 18:30:32.827,7.37668,7.37882,1.50,1.52
2012.09.27 18:30:33.407,7.3765,7.37872,1.50,1.20
2012.09.27 18:30:35.293,7.37637,7.37872,1.50,1.20
2012.09.27 18:30:35.458,7.37594,7.37842,1.50,1.11
2012.09.27 18:30:35.551,7.37594,7.37822,1.50,1.88
2012.09.27 18:30:50.635,7.37594,7.37771,1.50,1.02
2012.09.27 18:30:55.682,7.37598,7.37771,1.50,1.02
2012.09.27 18:30:57.038,7.37573,7.37771,1.50,1.02
2012.09.27 18:30:57.126,7.37569,7.37771,1.50,1.02
2012.09.27 18:31:01.193,7.37575,7.37771,1.50,1.02
2012.09.27 18:31:01.569,7.37599,7.37771,1.50,1.02
2012.09.27 18:31:02.814,7.37587,7.37771,1.50,1.02
2012.09.27 18:31:07.265,7.37573,7.37771,1.50,1.02
2012.09.27 18:31:20.979,7.37555,7.37771,1.50,1.02
2012.09.27 18:31:23.455,7.37555,7.3776,1.50,1.11
2012.09.27 18:31:31.515,7.37496,7.37752,1.47,2.10
2012.09.27 18:31:32.122,7.37486,7.37702,2.85,1.42
2012.09.27 18:31:32.436,7.37452,7.37611,1.50,1.27
2012.09.27 18:31:32.528,7.37431,7.37611,1.50,1.27
2012.09.27 18:31:32.617,7.37431,7.37569,1.50,1.34
2012.09.27 18:31:34.775,7.37417,7.37569,1.50,1.34
2012.09.27 18:31:38.439,7.37393,7.37569,3.00,1.34
2012.09.27 18:31:38.936,7.3741,7.37569,1.50,1.34
2012.09.27 18:31:56.958,7.37428,7.37579,1.50,1.26
2012.09.27 18:31:57.185,7.37465,7.37626,1.50,1.20
2012.09.27 18:31:57.347,7.3748,7.37626,1.50,1.20
2012.09.27 18:31:58.969,7.37494,7.37626,1.50,1.20
2012.09.27 18:32:01.546,7.37476,7.37626,1.50,1.20
2012.09.27 18:32:01.877,7.37476,7.3767,1.50,1.41
2012.09.27 18:32:02.025,7.37476,7.37674,1.50,1.21
2012.09.27 18:32:02.676,7.37476,7.37749,1.50,2.33
2012.09.27 18:32:02.766,7.37476,7.37749,1.50,2.24
2012.09.27 18:32:03.298,7.37476,7.37749,1.50,2.10
2012.09.27 18:32:03.376,7.37476,7.37749,1.50,2.05
2012.09.27 18:32:05.168,7.37476,7.37749,1.50,2.08
2012.09.27 18:32:05.325,7.37476,7.37749,1.50,2.10
2012.09.27 18:32:06.299,7.37476,7.37749,1.50,2.09
2012.09.27 18:32:06.410,7.37476,7.37749,1.50,2.03
2012.09.27 18:32:07.207,7.37476,7.37749,1.50,2.12
2012.09.27 18:32:08.389,7.37476,7.37749,1.50,2.06
2012.09.27 18:32:08.480,7.37476,7.37749,1.50,1.98
2012.09.27 18:32:08.998,7.37476,7.37749,1.50,2.04
2012.09.27 18:32:09.166,7.37454,7.37727,1.50,1.82
2012.09.27 18:32:09.697,7.37431,7.37693,1.73,1.82
2012.09.27 18:32:09.778,7.37407,7.37673,1.50,1.19
2012.09.27 18:32:09.866,7.37394,7.37667,1.50,1.96
2012.09.27 18:32:10.091,7.37423,7.37667,1.59,1.87
2012.09.27 18:32:10.454,7.37394,7.37667,1.50,2.11
2012.09.27 18:32:11.426,7.37394,7.37667,1.50,2.06
2012.09.27 18:32:11.649,7.37394,7.37667,1.50,2.07
2012.09.27 18:32:11.741,7.37394,7.37667,1.50,2.07
2012.09.27 18:32:12.046,7.37394,7.37667,1.50,2.13
2012.09.27 18:32:12.205,7.37394,7.37667,1.50,2.03
2012.09.27 18:32:13.516,7.37394,7.37667,1.50,2.07
2012.09.27 18:32:13.734,7.37394,7.37667,1.50,2.04
2012.09.27 18:32:14.177,7.37394,7.37667,1.50,2.13
2012.09.27 18:32:14.324,7.37394,7.37667,1.50,2.03
2012.09.27 18:32:14.736,7.37394,7.37667,1.50,2.04
2012.09.27 18:32:14.815,7.37394,7.37667,1.50,2.04
2012.09.27 18:32:15.349,7.37394,7.37667,1.50,2.06
2012.09.27 18:32:15.435,7.37394,7.37667,1.50,2.02
2012.09.27 18:32:15.515,7.37394,7.37667,1.50,2.01
2012.09.27 18:32:15.664,7.37394,7.37667,1.50,2.03
2012.09.27 18:32:18.317,7.37394,7.37667,1.50,2.10
2012.09.27 18:32:18.835,7.37394,7.37667,1.50,2.11
2012.09.27 18:32:18.984,7.37394,7.37667,1.50,2.05
2012.09.27 18:32:19.139,7.37394,7.37667,1.50,2.05
2012.09.27 18:32:19.661,7.37408,7.37673,1.50,1.24
2012.09.27 18:32:20.367,7.37408,7.37673,1.50,1.21
2012.09.27 18:32:21.138,7.37408,7.37673,1.50,1.14
2012.09.27 18:32:21.301,7.37408,7.37673,1.50,1.19
2012.09.27 18:32:21.897,7.37408,7.37673,1.50,1.18
2012.09.27 18:32:21.986,7.37408,7.37673,1.50,1.18
2012.09.27 18:32:22.065,7.37408,7.37673,1.50,1.22
2012.09.27 18:32:25.991,7.37408,7.37673,1.50,1.19
2012.09.27 18:32:26.151,7.37408,7.37673,1.50,1.29
2012.09.27 18:32:26.537,7.37408,7.37673,1.50,1.32
2012.09.27 18:32:26.622,7.37408,7.37673,1.50,1.22
2012.09.27 18:32:27.248,7.37408,7.37673,1.50,1.28
2012.09.27 18:32:28.279,7.37408,7.37673,1.50,1.22
2012.09.27 18:32:28.374,7.37408,7.37673,1.50,1.20
2012.09.27 18:32:28.468,7.37408,7.37673,1.50,1.22
2012.09.27 18:32:29.028,7.37408,7.37673,1.50,1.17
2012.09.27 18:32:29.579,7.37408,7.37673,1.50,1.24
2012.09.27 18:32:29.814,7.37408,7.37673,1.50,1.21
2012.09.27 18:32:29.909,7.37408,7.37673,1.50,1.22
2012.09.27 18:32:30.415,7.37408,7.37673,1.50,1.17
2012.09.27 18:32:30.928,7.37408,7.37673,1.50,1.21
2012.09.27 18:32:31.583,7.37408,7.37673,1.50,1.22
2012.09.27 18:32:32.153,7.37408,7.37673,1.50,1.26
2012.09.27 18:32:32.780,7.37408,7.37673,1.50,1.23
2012.09.27 18:32:33.306,7.37408,7.37673,1.50,1.41
2012.09.27 18:32:33.740,7.37408,7.37673,1.50,1.50
2012.09.27 18:32:33.917,7.37408,7.37673,1.50,1.45
2012.09.27 18:32:34.419,7.37408,7.37673,1.50,1.46
2012.09.27 18:32:34.969,7.37408,7.37673,1.50,1.31
2012.09.27 18:32:35.520,7.37408,7.37673,1.50,1.16
2012.09.27 18:32:35.896,7.37408,7.37673,1.50,1.21
2012.09.27 18:32:35.976,7.37408,7.37673,1.50,1.15
2012.09.27 18:32:36.596,7.37408,7.37673,1.50,1.20
2012.09.27 18:32:36.748,7.37408,7.37663,1.50,1.51
2012.09.27 18:32:36.897,7.37408,7.37663,1.50,1.46
2012.09.27 18:32:37.062,7.37394,7.37663,1.50,1.52
2012.09.27 18:32:37.149,7.37394,7.37663,1.50,1.49
2012.09.27 18:32:37.677,7.37394,7.37663,1.50,1.46
2012.09.27 18:32:38.409,7.37394,7.37663,1.50,1.43
2012.09.27 18:32:38.498,7.37394,7.37663,1.50,1.43
2012.09.27 18:32:38.655,7.37394,7.37663,1.50,1.46
2012.09.27 18:32:40.552,7.37394,7.37663,1.50,1.51
2012.09.27 18:32:40.640,7.37394,7.37663,1.50,1.46
2012.09.27 18:32:40.729,7.37394,7.37663,1.50,1.46
2012.09.27 18:32:41.039,7.37394,7.37663,1.50,1.34
2012.09.27 18:32:41.125,7.37394,7.37663,1.50,1.46
2012.09.27 18:32:43.140,7.37394,7.37663,1.50,1.49
2012.09.27 18:32:43.816,7.37394,7.37663,1.50,1.43
2012.09.27 18:32:44.204,7.37394,7.37663,1.50,1.50
2012.09.27 18:32:46.706,7.37378,7.37651,1.50,2.06
2012.09.27 18:32:47.335,7.37378,7.37651,1.50,2.23
2012.09.27 18:32:47.960,7.37378,7.37651,1.50,2.50
2012.09.27 18:32:48.125,7.37378,7.37642,1.50,1.25
2012.09.27 18:32:48.657,7.37378,7.37642,1.50,1.33
2012.09.27 18:32:49.256,7.37378,7.37651,1.50,2.42
2012.09.27 18:32:49.570,7.37378,7.37651,1.50,2.48
2012.09.27 18:32:49.655,7.37378,7.37651,1.50,2.49
2012.09.27 18:32:51.567,7.37378,7.37651,1.50,2.36
2012.09.27 18:32:51.646,7.37378,7.37651,1.50,2.45
2012.09.27 18:32:52.188,7.37378,7.37651,1.50,2.44
2012.09.27 18:32:52.455,7.37378,7.3765,1.50,1.08
2012.09.27 18:32:52.539,7.37378,7.37642,1.50,1.28
2012.09.27 18:32:52.905,7.37378,7.37642,1.50,1.07
2012.09.27 18:32:53.006,7.37378,7.37642,1.50,1.17
2012.09.27 18:32:53.541,7.37378,7.37642,1.50,1.06
2012.09.27 18:32:54.047,7.37378,7.37642,1.50,1.12
2012.09.27 18:32:54.646,7.37378,7.37642,1.50,1.31
2012.09.27 18:32:55.340,7.37378,7.37651,1.50,2.47
2012.09.27 18:32:55.428,7.37378,7.37651,1.50,2.46
2012.09.27 18:32:57.015,7.37378,7.37642,1.50,1.01
2012.09.27 18:32:57.100,7.37378,7.37651,1.50,2.48
2012.09.27 18:33:00.005,7.37378,7.37651,1.50,2.36
2012.09.27 18:33:00.169,7.37378,7.37651,1.50,2.45
2012.09.27 18:33:00.557,7.37366,7.37637,1.50,2.09
2012.09.27 18:33:00.861,7.37381,7.37652,1.50,1.14
2012.09.27 18:33:01.095,7.37381,7.37652,1.50,1.16
2012.09.27 18:33:02.027,7.37381,7.37652,1.50,1.15
2012.09.27 18:33:02.428,7.37381,7.37652,1.50,1.19
2012.09.27 18:33:02.587,7.37381,7.37652,1.50,1.20
2012.09.27 18:33:02.678,7.37381,7.37652,1.50,1.19
2012.09.27 18:33:02.834,7.37381,7.37652,1.50,1.17
2012.09.27 18:33:03.698,7.37381,7.37652,1.50,1.19
2012.09.27 18:33:03.788,7.37381,7.37652,1.50,1.14
2012.09.27 18:33:04.548,7.37381,7.37652,1.50,1.17
2012.09.27 18:33:05.348,7.37381,7.37652,1.50,1.23
2012.09.27 18:33:06.370,7.37381,7.37652,1.50,1.20
2012.09.27 18:33:07.254,7.37368,7.37641,1.50,2.07
2012.09.27 18:33:07.648,7.37381,7.37652,1.50,1.20
2012.09.27 18:33:07.817,7.37404,7.37654,1.44,1.95
2012.09.27 18:33:08.462,7.37404,7.37668,1.44,2.35
2012.09.27 18:33:08.549,7.37447,7.37683,1.58,1.50
2012.09.27 18:33:09.160,7.37447,7.37704,1.58,2.47
2012.09.27 18:33:11.188,7.37447,7.37704,1.58,1.59
2012.09.27 18:33:11.281,7.37501,7.37704,1.05,1.50
2012.09.27 18:33:11.367,7.37501,7.37732,1.05,1.63
2012.09.27 18:33:11.520,7.37583,7.37756,1.50,1.47
2012.09.27 18:33:11.608,7.37597,7.37814,2.54,1.95
2012.09.27 18:33:11.766,7.37599,7.37814,1.50,1.95
2012.09.27 18:33:11.857,7.37609,7.3787,1.25,1.50
2012.09.27 18:33:12.539,7.37575,7.37846,2.26,1.50
2012.09.27 18:33:12.839,7.37575,7.37846,2.39,1.50
2012.09.27 18:33:12.925,7.37569,7.37831,1.66,1.50
2012.09.27 18:33:14.114,7.37558,7.37831,3.29,1.50
2012.09.27 18:33:15.407,7.37558,7.37831,2.24,1.50
2012.09.27 18:33:15.728,7.37574,7.37847,1.73,1.73
2012.09.27 18:33:15.818,7.37587,7.3786,2.22,1.50
2012.09.27 18:33:16.119,7.3761,7.37874,1.55,1.88
2012.09.27 18:33:17.961,7.37578,7.37798,2.22,1.50
2012.09.27 18:33:18.125,7.37512,7.37785,2.25,1.73
2012.09.27 18:33:19.066,7.37512,7.37783,2.25,1.35
2012.09.27 18:33:41.552,7.37522,7.37783,1.50,1.35
2012.09.27 18:33:47.983,7.37503,7.37774,4.13,2.31
2012.09.27 18:34:14.985,7.37504,7.37772,1.58,1.95
2012.09.27 18:34:29.517,7.37529,7.37783,1.50,1.35
2012.09.27 18:34:30.068,7.37542,7.37815,1.50,1.50
2012.09.27 18:34:30.308,7.37557,7.3783,1.50,1.50
2012.09.27 18:34:37.335,7.37575,7.37848,1.50,1.50
2012.09.27 18:34:57.266,7.37581,7.37854,1.50,1.50
2012.09.27 18:35:17.392,7.37581,7.37852,1.50,1.50
2012.09.27 18:35:57.968,7.37583,7.37854,1.50,1.50
2012.09.27 18:36:17.611,7.37585,7.37856,1.50,1.50
2012.09.27 18:36:37.674,7.37576,7.37849,1.50,1.50
2012.09.27 18:36:57.615,7.37579,7.3785,1.50,1.50
2012.09.27 18:37:17.794,7.37577,7.37848,1.50,1.50
2012.09.27 18:37:57.870,7.37579,7.37852,1.50,1.50
2012.09.27 18:38:05.261,7.37579,7.3785,1.50,1.50
2012.09.27 18:38:05.347,7.37553,7.37826,1.50,1.50
2012.09.27 18:38:11.417,7.37537,7.3781,1.50,1.50
2012.09.27 18:38:13.221,7.37523,7.37794,1.50,1.50
2012.09.27 18:38:13.798,7.37523,7.37794,1.50,2.25
2012.09.27 18:38:14.768,7.37543,7.37803,1.50,1.49
2012.09.27 18:38:14.858,7.37543,7.37816,1.50,1.50
2012.09.27 18:38:34.773,7.37553,7.37824,1.50,1.50
2012.09.27 18:38:43.198,7.37537,7.3781,1.50,1.50
2012.09.27 18:39:02.580,7.37559,7.37832,1.50,1.50
2012.09.27 18:39:17.085,7.37544,7.37817,1.50,1.50
2012.09.27 18:39:23.141,7.37557,7.3783,1.50,1.50
2012.09.27 18:39:43.250,7.37553,7.37824,1.50,1.50
2012.09.27 18:40:03.210,7.37555,7.37828,1.50,1.50
2012.09.27 18:40:14.638,7.37487,7.37726,2.48,1.50
2012.09.27 18:40:16.097,7.37487,7.37731,2.48,1.50
2012.09.27 18:40:16.175,7.37487,7.37757,2.48,1.50
2012.09.27 18:40:17.080,7.37488,7.37757,1.73,1.50
2012.09.27 18:40:24.341,7.37497,7.37769,2.25,1.50
2012.09.27 18:40:33.691,7.37488,7.37754,1.73,1.50
2012.09.27 18:40:34.238,7.37487,7.37754,2.03,1.50
2012.09.27 18:40:34.763,7.37495,7.37769,2.25,1.50
2012.09.27 18:40:35.605,7.37495,7.37769,2.25,1.50
2012.09.27 18:40:42.849,7.37482,7.37753,2.85,1.50
2012.09.27 18:40:43.101,7.37495,7.37769,1.50,1.50
2012.09.27 18:41:02.941,7.37503,7.37775,1.50,1.50
2012.09.27 18:41:23.075,7.37492,7.37766,2.25,1.50
2012.09.27 18:41:43.156,7.37491,7.37765,2.25,1.50
2012.09.27 18:42:03.592,7.37495,7.37767,1.50,1.50
2012.09.27 18:42:23.227,7.37493,7.37765,1.50,1.50
2012.09.27 18:42:26.656,7.37493,7.37765,2.10,1.50
2012.09.27 18:42:26.968,7.37567,7.37826,1.32,1.50
2012.09.27 18:42:29.467,7.37567,7.37839,1.32,1.50
2012.09.27 18:42:32.745,7.3758,7.37852,2.04,1.50
2012.09.27 18:42:52.717,7.37581,7.37853,2.04,1.50
2012.09.27 18:43:12.870,7.37585,7.37857,2.04,1.50
2012.09.27 18:43:32.872,7.37588,7.3786,1.73,1.50
2012.09.27 18:43:52.905,7.37583,7.37857,2.32,1.50
2012.09.27 18:44:12.998,7.37578,7.3785,2.32,1.50
2012.09.27 18:44:24.629,7.37578,7.3785,2.46,1.50
2012.09.27 18:44:32.955,7.37583,7.37855,1.95,1.50
2012.09.27 18:44:47.566,7.37583,7.37855,2.12,1.50
2012.09.27 18:44:48.384,7.37583,7.37855,2.32,1.50
2012.09.27 18:44:53.017,7.37583,7.37857,2.32,1.50
2012.09.27 18:45:09.946,7.37583,7.37857,1.97,1.50
2012.09.27 18:45:10.946,7.37583,7.37857,2.09,1.50
2012.09.27 18:45:33.441,7.37581,7.37855,2.09,1.50
2012.09.27 18:45:42.838,7.37578,7.37834,1.18,1.50
2012.09.27 18:45:43.281,7.37578,7.37818,1.18,1.50
2012.09.27 18:45:44.947,7.37578,7.37842,1.18,1.50
2012.09.27 18:45:45.024,7.37578,7.37849,1.18,1.50
2012.09.27 18:46:04.987,7.37578,7.37846,1.18,1.50
2012.09.27 18:46:12.734,7.37588,7.37862,2.09,1.50
2012.09.27 18:46:13.126,7.37602,7.37874,1.50,1.50
2012.09.27 18:46:14.994,7.3758,7.37854,2.09,1.50
2012.09.27 18:46:34.934,7.37582,7.37856,2.09,1.50
2012.09.27 18:46:54.931,7.37578,7.37852,2.68,1.50
2012.09.27 18:47:15.052,7.3758,7.37854,2.09,1.50
2012.09.27 18:47:27.755,7.37596,7.3787,1.73,1.50
2012.09.27 18:47:29.998,7.37578,7.37852,2.68,1.50
2012.09.27 18:47:41.426,7.37578,7.37852,1.73,1.50
2012.09.27 18:47:41.577,7.37567,7.37837,1.02,1.50
2012.09.27 18:47:42.651,7.37568,7.37837,1.49,1.50
2012.09.27 18:47:46.119,7.37578,7.37852,2.48,1.50
2012.09.27 18:47:50.599,7.37578,7.37852,2.28,1.50
2012.09.27 18:47:50.761,7.37687,7.37852,1.08,1.50
2012.09.27 18:47:50.849,7.37687,7.37924,1.08,1.50
2012.09.27 18:47:51.006,7.37687,7.37895,1.08,1.50
2012.09.27 18:47:51.161,7.37572,7.37857,1.80,1.50
2012.09.27 18:47:51.328,7.37568,7.37857,1.59,1.50
2012.09.27 18:47:51.700,7.37576,7.37857,1.39,1.50
2012.09.27 18:47:51.997,7.37561,7.37844,2.48,1.50
2012.09.27 18:47:52.360,7.37578,7.37844,3.08,1.50
2012.09.27 18:48:04.563,7.37578,7.37831,3.08,1.50
2012.09.27 18:48:20.809,7.37585,7.37857,2.25,1.50
2012.09.27 18:48:21.017,7.37578,7.37836,3.08,1.50
2012.09.27 18:48:47.547,7.37577,7.37836,1.73,1.50
2012.09.27 18:49:01.910,7.37578,7.37836,1.57,1.50
2012.09.27 18:49:20.939,7.37578,7.37837,1.57,1.50
2012.09.27 18:49:40.961,7.37578,7.37835,1.57,1.50
2012.09.27 18:50:14.147,7.37577,7.37835,1.17,1.50
2012.09.27 18:50:15.161,7.37578,7.37835,1.36,1.50
2012.09.27 18:50:20.890,7.37577,7.37835,1.27,1.50
2012.09.27 18:50:21.279,7.37577,7.37837,1.27,1.50
2012.09.27 18:50:41.442,7.37577,7.37841,1.27,1.50
2012.09.27 18:51:01.361,7.37577,7.37843,1.27,1.50
2012.09.27 18:51:35.451,7.37583,7.37843,1.23,1.50
2012.09.27 18:51:38.380,7.37589,7.37861,1.73,1.50
2012.09.27 18:51:44.809,7.37581,7.37849,1.23,1.50
2012.09.27 18:51:48.988,7.37598,7.37872,1.73,1.50
2012.09.27 18:51:55.054,7.37581,7.37847,1.23,1.50
2012.09.27 18:51:59.086,7.37602,7.37876,1.50,1.50
2012.09.27 18:52:05.133,7.37581,7.37849,1.23,1.50
2012.09.27 18:52:06.130,7.376,7.37874,1.50,1.50
2012.09.27 18:52:06.224,7.37608,7.37874,1.38,1.50
2012.09.27 18:52:06.315,7.37614,7.37888,2.45,1.50
2012.09.27 18:52:06.692,7.37628,7.37902,2.02,1.50
2012.09.27 18:52:11.250,7.37628,7.37902,1.50,1.50
2012.09.27 18:52:11.342,7.37612,7.37884,1.50,1.50
2012.09.27 18:52:17.391,7.37593,7.37867,2.24,1.50
2012.09.27 18:52:29.695,7.37607,7.37881,1.73,1.50
2012.09.27 18:52:31.952,7.37721,7.38008,1.58,1.50
2012.09.27 18:52:35.957,7.37757,7.38002,2.13,1.50
2012.09.27 18:52:56.027,7.37767,7.38012,1.09,1.50
2012.09.27 18:52:57.507,7.37738,7.3793,1.53,1.50
2012.09.27 18:52:57.592,7.37616,7.3793,1.73,1.50
2012.09.27 18:52:58.173,7.37616,7.3793,1.50,1.50
2012.09.27 18:52:58.329,7.37592,7.37904,2.25,1.50
2012.09.27 18:53:00.168,7.37602,7.3787,2.55,1.50
2012.09.27 18:53:00.258,7.376,7.3787,2.33,1.50
2012.09.27 18:53:00.835,7.37598,7.3787,3.12,1.50
2012.09.27 18:53:02.545,7.37613,7.37887,1.50,1.50
2012.09.27 18:53:05.310,7.37613,7.37887,2.23,1.50
2012.09.27 18:53:08.473,7.37613,7.37884,2.23,1.50
2012.09.27 18:53:09.027,7.37611,7.37885,2.23,1.50
2012.09.27 18:53:15.039,7.37608,7.3786,1.48,1.50
2012.09.27 18:53:18.978,7.37611,7.37883,2.23,1.50
2012.09.27 18:53:21.209,7.37618,7.37883,1.05,1.50
2012.09.27 18:53:28.125,7.37618,7.37861,1.05,1.50
2012.09.27 18:53:47.443,7.37608,7.37866,1.25,1.50
2012.09.27 18:54:07.295,7.37608,7.37868,1.25,1.50
2012.09.27 18:54:27.347,7.37618,7.37873,1.12,1.50
2012.09.27 18:54:47.366,7.37618,7.37871,1.12,1.50
2012.09.27 18:55:27.617,7.37618,7.37873,1.12,1.50
2012.09.27 18:55:47.447,7.37618,7.37869,1.35,1.50
2012.09.27 18:56:07.738,7.37618,7.3787,1.35,1.50
2012.09.27 18:56:27.687,7.37618,7.37874,1.35,1.50
2012.09.27 18:57:07.857,7.37618,7.37865,1.07,1.50
2012.09.27 18:57:12.087,7.37607,7.37865,1.41,1.50
2012.09.27 18:57:22.584,7.37697,7.37955,1.54,1.50
2012.09.27 18:57:22.940,7.37724,7.37984,1.44,1.50
2012.09.27 18:57:23.603,7.37748,7.37984,1.59,1.50
2012.09.27 18:57:25.213,7.37757,7.37984,1.59,1.50
2012.09.27 18:57:26.241,7.37757,7.37984,1.59,1.50
2012.09.27 18:57:29.319,7.37757,7.38003,1.59,1.50
2012.09.27 18:57:31.387,7.37757,7.37988,1.59,1.50
2012.09.27 18:57:37.428,7.37757,7.38004,1.59,1.50
2012.09.27 18:57:42.280,7.37757,7.37985,1.59,1.50
2012.09.27 18:57:42.772,7.37757,7.37967,1.59,1.50
2012.09.27 18:57:52.037,7.37787,7.3799,1.13,1.50
2012.09.27 18:58:00.658,7.37787,7.38004,1.13,1.50
2012.09.27 18:58:08.381,7.37787,7.38019,1.13,1.50
2012.09.27 18:58:09.010,7.37787,7.38005,1.13,1.50
2012.09.27 18:58:12.481,7.37787,7.38019,1.13,1.50
2012.09.27 18:58:13.749,7.37787,7.38032,1.13,1.50
2012.09.27 18:58:25.379,7.37787,7.38017,1.13,1.50
2012.09.27 18:58:26.285,7.37777,7.38017,1.48,1.50
2012.09.27 18:58:26.674,7.37745,7.38017,2.42,1.50
2012.09.27 18:58:40.266,7.37737,7.38003,1.36,1.50
2012.09.27 18:58:41.297,7.37748,7.38003,1.07,1.50
2012.09.27 18:58:42.021,7.37748,7.38019,1.07,1.50
2012.09.27 18:58:42.533,7.37747,7.38019,2.56,1.50
2012.09.27 18:58:49.870,7.37747,7.38006,1.06,1.50
2012.09.27 18:58:53.648,7.37749,7.38021,2.13,1.50
2012.09.27 18:59:00.536,7.37838,7.38021,1.72,1.50
2012.09.27 18:59:12.908,7.37749,7.38021,2.13,1.50
2012.09.27 18:59:13.567,7.37747,7.38017,1.06,1.50
2012.09.27 18:59:33.527,7.37747,7.38009,1.06,1.50
2012.09.27 18:59:34.037,7.37778,7.38009,1.59,1.50
2012.09.27 18:59:34.609,7.37778,7.38022,1.59,1.50
2012.09.27 18:59:53.636,7.37778,7.38009,1.59,1.50
