2008.12.30 22:00:05.156,9.852,9.8797,1.00,1.00
2008.12.30 22:00:36.839,9.8521,9.8745,1.60,1.60
2008.12.30 22:01:46.322,9.852,9.8797,1.00,1.00
2008.12.30 22:03:04.233,9.8519,9.8797,1.00,1.00
2008.12.30 22:03:04.413,9.85245,9.8725,1.60,1.60
2008.12.30 22:04:28.523,9.8528,9.8728,1.60,1.60
2008.12.30 22:04:28.743,9.8567,9.8754,1.60,1.00
2008.12.30 22:04:37.371,9.85695,9.8754,1.60,1.00
2008.12.30 22:05:01.455,9.85695,9.877,1.60,1.60
2008.12.30 22:05:17.601,9.87295,9.893,1.60,1.60
2008.12.30 22:05:31.597,9.8735,9.89355,1.60,1.60
2008.12.30 22:05:32.128,9.87375,9.8938,1.60,1.60
2008.12.30 22:05:36.756,9.8739,9.89395,1.60,1.60
2008.12.30 22:05:39.196,9.87395,9.894,1.60,1.60
2008.12.30 22:05:39.936,9.874,9.894,1.60,1.60
2008.12.30 22:05:47.744,9.871,9.891,1.60,1.60
2008.12.30 22:05:53.872,9.8725,9.89255,1.60,1.60
2008.12.30 22:05:55.702,9.87325,9.8933,1.60,1.60
2008.12.30 22:05:55.872,9.87365,9.8937,1.60,1.60
2008.12.30 22:10:58.109,9.8545,9.9135,1.60,1.60
2008.12.30 22:13:17.705,9.8545,9.8967,1.60,1.60
2008.12.30 22:14:30.227,9.8545,9.89695,1.60,1.60
2008.12.30 22:14:30.617,9.86875,9.88875,1.60,1.60
2008.12.30 22:16:54.422,9.8677,9.88775,1.60,1.60
2008.12.30 22:18:03.976,9.868,9.888,1.60,1.60
2008.12.30 22:19:07.810,9.871,9.89105,1.60,1.60
2008.12.30 22:19:55.289,9.8725,9.89255,1.60,1.60
2008.12.30 22:20:22.392,9.8733,9.8933,1.60,1.60
2008.12.30 22:21:23.218,9.87365,9.8937,1.60,1.60
2008.12.30 22:21:23.818,9.87385,9.8939,1.60,1.60
2008.12.30 22:21:33.125,9.87395,9.89395,1.60,1.60
2008.12.30 22:22:29.572,9.8707,9.89075,1.60,1.60
2008.12.30 22:27:29.779,9.8545,9.898,1.60,1.60
2008.12.30 22:30:03.232,9.8545,9.898,1.60,1.60
2008.12.30 22:30:37.934,9.8545,9.898,1.60,1.60
2008.12.30 22:30:38.044,9.852,9.898,1.60,1.60
2008.12.30 22:32:57.920,9.852,9.898,1.00,1.60
2008.12.30 22:32:58.750,9.8466,9.898,1.60,1.60
2008.12.30 22:36:28.940,9.8495,9.898,1.00,1.60
2008.12.30 22:36:29.339,9.8495,9.898,1.60,1.60
2008.12.30 22:38:11.535,9.8707,9.89075,1.60,1.60
2008.12.30 22:41:00.964,9.86725,9.88725,1.60,1.60
2008.12.30 22:44:13.367,9.8522,9.89825,1.60,1.60
2008.12.30 22:49:20.873,9.8545,9.89825,1.60,1.60
2008.12.30 22:49:21.563,9.8545,9.89825,1.60,1.60
2008.12.30 22:54:22.670,9.8545,9.89825,1.60,1.60
