2012.11.09 13:00:02.315,7.30972,7.31096,1.50,1.50
2012.11.09 13:00:02.375,7.30972,7.31096,1.50,2.25
2012.11.09 13:00:02.625,7.30841,7.31007,2.25,1.73
2012.11.09 13:00:02.685,7.30841,7.31007,2.25,2.11
2012.11.09 13:00:02.878,7.30831,7.30997,1.50,1.73
2012.11.09 13:00:04.456,7.30851,7.30977,1.50,1.73
2012.11.09 13:00:04.861,7.30851,7.30977,2.25,1.73
2012.11.09 13:00:05.048,7.30931,7.31054,1.50,1.50
2012.11.09 13:00:05.115,7.30903,7.30997,1.35,1.50
2012.11.09 13:00:05.679,7.30959,7.31085,1.50,1.50
2012.11.09 13:00:07.734,7.30939,7.31063,1.50,1.50
2012.11.09 13:00:08.265,7.30945,7.31069,1.50,1.50
2012.11.09 13:00:08.579,7.30907,7.31029,1.50,1.50
2012.11.09 13:00:09.197,7.30907,7.31029,1.50,1.50
2012.11.09 13:00:11.186,7.30933,7.31042,1.50,1.22
2012.11.09 13:00:11.314,7.30905,7.31028,1.95,1.73
2012.11.09 13:00:11.435,7.30904,7.31028,1.50,1.73
2012.11.09 13:00:15.244,7.30891,7.31017,1.50,2.09
2012.11.09 13:00:15.722,7.3088,7.30988,1.80,1.50
2012.11.09 13:00:15.798,7.30853,7.30979,2.25,1.50
2012.11.09 13:00:15.935,7.30857,7.30979,1.13,1.50
2012.11.09 13:00:15.995,7.30868,7.30994,1.50,1.50
2012.11.09 13:00:16.056,7.30884,7.3101,2.25,1.50
2012.11.09 13:00:16.365,7.30882,7.30994,2.55,1.50
2012.11.09 13:00:16.959,7.30882,7.30997,2.55,1.50
2012.11.09 13:00:17.645,7.30886,7.31012,2.25,1.50
2012.11.09 13:00:18.135,7.30882,7.31,2.55,1.50
2012.11.09 13:00:20.825,7.30888,7.31008,1.50,1.50
2012.11.09 13:00:21.239,7.30888,7.30996,1.50,1.50
2012.11.09 13:00:22.376,7.30901,7.30996,2.03,1.50
2012.11.09 13:00:22.556,7.30903,7.31029,2.25,1.50
2012.11.09 13:00:22.616,7.30903,7.31029,1.50,1.50
2012.11.09 13:00:22.739,7.30888,7.31011,1.50,1.50
2012.11.09 13:00:23.595,7.30888,7.30993,1.50,1.50
2012.11.09 13:00:24.076,7.30891,7.30993,2.93,1.50
2012.11.09 13:00:24.261,7.30878,7.30993,1.50,1.50
2012.11.09 13:00:25.055,7.30878,7.31001,1.50,1.50
2012.11.09 13:00:25.547,7.30896,7.31013,2.70,1.50
2012.11.09 13:00:27.016,7.30896,7.31005,2.70,1.50
2012.11.09 13:00:27.197,7.30883,7.31005,2.33,1.50
2012.11.09 13:00:27.616,7.30879,7.31005,1.50,1.50
2012.11.09 13:00:28.615,7.30879,7.31005,2.25,1.50
2012.11.09 13:00:28.994,7.30872,7.30995,1.35,1.50
2012.11.09 13:00:29.425,7.30872,7.30995,1.35,1.50
2012.11.09 13:00:29.665,7.30879,7.31003,1.50,1.50
2012.11.09 13:00:29.904,7.30879,7.31003,2.25,1.50
2012.11.09 13:00:30.216,7.30872,7.30996,1.35,1.50
2012.11.09 13:00:31.567,7.30872,7.30996,1.35,1.50
2012.11.09 13:00:34.907,7.30914,7.3104,1.50,1.50
2012.11.09 13:00:35.420,7.30915,7.31039,1.50,1.50
2012.11.09 13:00:35.666,7.30922,7.31048,1.50,1.73
2012.11.09 13:00:35.896,7.30905,7.31031,1.50,1.50
2012.11.09 13:00:36.494,7.30915,7.31039,1.50,1.50
2012.11.09 13:00:36.815,7.30924,7.31048,1.50,1.73
2012.11.09 13:00:37.599,7.30917,7.31041,1.50,1.50
2012.11.09 13:00:38.138,7.30916,7.3104,1.50,1.50
2012.11.09 13:00:38.205,7.30907,7.31031,1.50,1.50
2012.11.09 13:00:38.815,7.30918,7.31044,1.50,1.73
2012.11.09 13:00:39.174,7.30886,7.3101,1.50,1.50
2012.11.09 13:00:39.488,7.30894,7.31018,1.50,1.50
2012.11.09 13:00:40.697,7.30894,7.31018,2.25,1.50
2012.11.09 13:00:41.685,7.30906,7.3103,1.50,1.50
2012.11.09 13:00:42.410,7.30904,7.3103,1.50,1.50
2012.11.09 13:00:42.789,7.30895,7.31021,2.25,1.50
2012.11.09 13:00:43.166,7.30905,7.31029,1.50,1.50
2012.11.09 13:00:43.286,7.30888,7.31012,2.25,1.50
2012.11.09 13:00:43.406,7.30895,7.31021,2.25,1.50
2012.11.09 13:00:43.988,7.30905,7.31029,1.50,1.50
2012.11.09 13:00:44.960,7.30887,7.31013,2.25,1.50
2012.11.09 13:00:45.085,7.30904,7.3103,1.50,1.50
2012.11.09 13:00:45.338,7.30887,7.31013,2.25,1.50
2012.11.09 13:00:45.466,7.30896,7.3102,2.25,1.50
2012.11.09 13:00:46.041,7.30904,7.3103,1.50,1.50
2012.11.09 13:00:46.230,7.30887,7.31013,2.25,1.50
2012.11.09 13:00:46.308,7.30905,7.31029,1.50,1.50
2012.11.09 13:00:46.605,7.30896,7.3102,2.25,1.50
2012.11.09 13:00:46.946,7.30946,7.31044,1.50,1.50
2012.11.09 13:00:47.067,7.30886,7.3101,1.50,1.50
2012.11.09 13:00:47.197,7.30905,7.31031,1.50,1.50
2012.11.09 13:00:47.267,7.30905,7.31031,1.50,1.73
2012.11.09 13:00:48.146,7.30886,7.3101,1.50,1.50
2012.11.09 13:01:05.276,7.30886,7.3101,1.50,1.73
2012.11.09 13:01:07.126,7.30886,7.3101,1.50,1.73
2012.11.09 13:01:08.511,7.30877,7.31003,1.50,1.73
2012.11.09 13:01:08.639,7.30862,7.30988,1.50,1.50
2012.11.09 13:01:09.135,7.30852,7.30978,1.50,1.50
2012.11.09 13:01:29.085,7.30848,7.30972,1.50,1.50
2012.11.09 13:01:34.300,7.30848,7.30972,1.50,2.25
2012.11.09 13:01:34.680,7.30702,7.30863,1.50,1.42
2012.11.09 13:01:34.746,7.30702,7.30868,1.50,1.73
2012.11.09 13:01:35.246,7.30689,7.30853,1.50,1.50
2012.11.09 13:01:35.305,7.30689,7.30853,1.50,2.38
2012.11.09 13:01:35.367,7.30687,7.30851,1.50,1.73
2012.11.09 13:01:35.495,7.30718,7.30812,1.50,1.02
2012.11.09 13:01:35.554,7.30693,7.30812,1.50,1.02
2012.11.09 13:01:35.624,7.30685,7.30812,1.50,1.02
2012.11.09 13:01:36.236,7.30748,7.30793,1.50,1.13
2012.11.09 13:01:36.296,7.30772,7.30918,1.50,1.50
2012.11.09 13:01:36.417,7.30778,7.30922,1.50,1.73
2012.11.09 13:01:36.693,7.30767,7.30913,1.50,1.50
2012.11.09 13:01:37.014,7.30758,7.30904,1.50,1.50
2012.11.09 13:01:37.356,7.30768,7.30892,1.50,1.50
2012.11.09 13:01:38.917,7.30747,7.30873,1.50,1.50
2012.11.09 13:01:39.072,7.30761,7.30887,1.50,1.50
2012.11.09 13:01:39.535,7.30772,7.30896,1.50,1.50
2012.11.09 13:01:40.296,7.3079,7.30916,1.50,1.50
2012.11.09 13:01:40.355,7.308,7.30926,1.50,1.50
2012.11.09 13:01:41.484,7.3079,7.30914,1.50,1.50
2012.11.09 13:01:41.607,7.308,7.30926,1.50,1.50
2012.11.09 13:01:42.131,7.30827,7.3095,1.50,1.73
2012.11.09 13:01:42.435,7.30737,7.30856,1.65,1.73
2012.11.09 13:01:42.616,7.30759,7.30905,1.50,2.36
2012.11.09 13:01:42.737,7.30769,7.30913,1.50,1.08
2012.11.09 13:01:43.056,7.30769,7.30903,1.50,1.23
2012.11.09 13:01:43.196,7.30753,7.30899,1.50,2.10
2012.11.09 13:01:43.255,7.30755,7.30901,1.50,2.10
2012.11.09 13:01:44.164,7.30743,7.30792,1.50,1.22
2012.11.09 13:01:44.241,7.30747,7.30873,1.50,1.50
2012.11.09 13:01:44.426,7.30758,7.30882,1.50,1.50
2012.11.09 13:01:44.824,7.30768,7.30892,1.50,1.50
2012.11.09 13:01:46.077,7.30766,7.3089,1.50,1.50
2012.11.09 13:01:51.715,7.30776,7.309,1.50,1.50
2012.11.09 13:01:52.158,7.30766,7.3089,1.50,1.50
2012.11.09 13:01:52.484,7.30776,7.309,1.50,1.50
2012.11.09 13:02:00.395,7.30774,7.30898,1.50,1.50
2012.11.09 13:02:00.517,7.30756,7.30882,1.50,1.50
2012.11.09 13:02:00.699,7.30777,7.30903,1.50,1.73
2012.11.09 13:02:01.345,7.30777,7.30903,1.50,1.73
2012.11.09 13:02:04.145,7.30777,7.30903,1.50,2.88
2012.11.09 13:02:04.385,7.30755,7.30881,1.50,1.50
2012.11.09 13:02:09.047,7.30761,7.30887,1.50,1.73
2012.11.09 13:02:09.913,7.30761,7.30887,1.50,1.73
2012.11.09 13:02:10.455,7.3077,7.30896,1.50,1.95
2012.11.09 13:02:11.157,7.3076,7.30886,1.50,1.73
2012.11.09 13:02:11.898,7.30746,7.3087,1.50,1.50
2012.11.09 13:02:12.642,7.30773,7.30899,1.50,2.18
2012.11.09 13:02:12.706,7.30764,7.30888,1.50,1.73
2012.11.09 13:02:14.626,7.30758,7.30882,1.50,1.50
2012.11.09 13:02:15.966,7.3075,7.30874,1.50,1.50
2012.11.09 13:02:16.086,7.30757,7.30883,1.50,1.73
2012.11.09 13:02:21.769,7.30757,7.30883,1.50,1.73
2012.11.09 13:02:21.896,7.30749,7.30875,1.50,1.50
2012.11.09 13:02:22.747,7.30757,7.30883,1.50,1.73
2012.11.09 13:02:24.056,7.30757,7.30883,1.50,1.73
2012.11.09 13:02:24.118,7.30746,7.30872,1.50,1.50
2012.11.09 13:02:24.736,7.30746,7.3087,1.50,1.50
2012.11.09 13:02:25.326,7.30745,7.30871,1.50,1.50
2012.11.09 13:02:25.686,7.30685,7.30783,1.50,1.15
2012.11.09 13:02:26.307,7.30665,7.30783,1.50,1.15
2012.11.09 13:02:26.955,7.30665,7.30773,1.50,1.19
2012.11.09 13:02:27.314,7.30664,7.30752,1.50,1.20
2012.11.09 13:02:28.815,7.30673,7.30752,1.50,1.20
2012.11.09 13:02:28.935,7.30664,7.30752,1.50,1.15
2012.11.09 13:02:30.524,7.30672,7.30752,1.50,1.15
2012.11.09 13:02:30.585,7.30692,7.30788,1.50,1.50
2012.11.09 13:02:30.765,7.30696,7.3082,1.50,1.50
2012.11.09 13:02:30.884,7.30705,7.30829,1.50,1.73
2012.11.09 13:02:31.507,7.30705,7.30829,1.50,1.73
2012.11.09 13:02:32.766,7.30711,7.30837,1.50,2.04
2012.11.09 13:02:32.825,7.30723,7.30849,1.50,1.50
2012.11.09 13:02:34.105,7.30731,7.30857,1.50,1.73
2012.11.09 13:02:34.825,7.30721,7.30845,1.50,1.50
2012.11.09 13:02:35.889,7.30731,7.30857,1.50,1.73
2012.11.09 13:02:35.955,7.30722,7.30846,1.50,1.50
2012.11.09 13:02:37.125,7.30732,7.30856,1.50,1.73
2012.11.09 13:02:37.366,7.30722,7.30846,1.50,1.50
2012.11.09 13:02:37.425,7.30722,7.30786,1.50,1.35
2012.11.09 13:02:37.485,7.30696,7.30786,1.50,1.35
2012.11.09 13:02:37.546,7.30687,7.3075,1.50,1.23
2012.11.09 13:02:37.724,7.30649,7.3075,1.50,1.23
2012.11.09 13:02:37.785,7.30658,7.3075,1.50,1.12
2012.11.09 13:02:37.915,7.30649,7.30753,1.50,1.55
2012.11.09 13:02:38.735,7.30635,7.30753,1.50,1.55
2012.11.09 13:02:40.216,7.306,7.30726,1.88,1.50
2012.11.09 13:02:40.335,7.30611,7.30737,1.50,1.50
2012.11.09 13:02:40.395,7.30648,7.30737,1.50,1.50
2012.11.09 13:02:40.456,7.30672,7.30792,1.50,1.08
2012.11.09 13:02:40.695,7.30672,7.30798,1.50,1.50
2012.11.09 13:02:40.755,7.30696,7.3082,1.50,1.50
2012.11.09 13:02:41.057,7.30735,7.30859,1.50,2.22
2012.11.09 13:02:41.486,7.30735,7.30859,1.50,1.73
2012.11.09 13:02:42.157,7.30717,7.30843,1.50,1.50
2012.11.09 13:02:43.755,7.30733,7.30859,1.50,1.73
2012.11.09 13:02:44.045,7.30723,7.30849,1.50,1.50
2012.11.09 13:02:44.396,7.307,7.30821,1.50,1.50
2012.11.09 13:02:44.698,7.30645,7.30752,2.25,1.02
2012.11.09 13:02:44.885,7.30641,7.30752,1.50,1.02
2012.11.09 13:02:45.331,7.30649,7.30752,1.50,1.02
2012.11.09 13:02:45.625,7.30636,7.30752,1.50,1.02
2012.11.09 13:02:46.327,7.30626,7.30752,1.50,2.52
2012.11.09 13:02:46.747,7.30614,7.30738,1.50,1.50
2012.11.09 13:02:46.816,7.3063,7.30756,1.50,1.73
2012.11.09 13:02:47.174,7.3063,7.30745,1.50,1.05
2012.11.09 13:02:47.804,7.30633,7.30733,1.50,1.08
2012.11.09 13:02:47.868,7.30624,7.30733,1.50,1.08
2012.11.09 13:02:48.899,7.30624,7.30732,1.50,1.02
2012.11.09 13:02:49.945,7.30621,7.30732,1.50,1.02
2012.11.09 13:02:50.196,7.30621,7.30745,1.50,2.76
2012.11.09 13:02:50.256,7.30632,7.30745,1.50,1.26
2012.11.09 13:02:50.556,7.30624,7.30748,1.50,2.38
2012.11.09 13:02:50.615,7.30639,7.30752,1.50,1.20
2012.11.09 13:02:50.675,7.30639,7.30763,1.50,1.50
2012.11.09 13:02:50.795,7.30654,7.30778,1.50,1.73
2012.11.09 13:02:51.365,7.30654,7.30778,1.50,1.73
2012.11.09 13:02:51.887,7.30642,7.30766,1.50,1.50
2012.11.09 13:02:52.376,7.30659,7.30783,1.50,2.09
2012.11.09 13:02:53.126,7.3066,7.30786,1.50,2.09
2012.11.09 13:02:53.517,7.30688,7.30759,1.50,1.50
2012.11.09 13:02:53.838,7.30692,7.30801,1.50,1.32
2012.11.09 13:02:53.906,7.30677,7.30801,1.50,2.82
2012.11.09 13:02:54.277,7.30648,7.30774,1.50,1.50
2012.11.09 13:02:54.676,7.30718,7.30835,1.50,1.35
2012.11.09 13:02:54.798,7.3071,7.30834,1.50,2.47
2012.11.09 13:02:55.278,7.30681,7.30807,1.50,1.50
2012.11.09 13:02:55.345,7.30703,7.30827,1.50,2.25
2012.11.09 13:02:55.885,7.30688,7.30814,1.50,1.73
2012.11.09 13:02:55.947,7.30693,7.30814,1.50,1.73
2012.11.09 13:02:56.304,7.30718,7.30844,1.50,2.11
2012.11.09 13:02:58.055,7.30731,7.30852,1.50,1.02
2012.11.09 13:02:58.177,7.30722,7.30848,1.50,2.11
2012.11.09 13:02:58.698,7.30722,7.30848,1.50,2.00
2012.11.09 13:02:59.200,7.30723,7.30849,1.50,2.00
2012.11.09 13:03:00.574,7.30723,7.30843,1.50,1.08
2012.11.09 13:03:01.215,7.30723,7.30842,1.50,1.04
2012.11.09 13:03:02.364,7.30715,7.30841,1.50,1.98
2012.11.09 13:03:02.865,7.30723,7.30842,1.50,1.04
2012.11.09 13:03:03.205,7.30723,7.30832,1.50,1.26
2012.11.09 13:03:03.577,7.30702,7.30803,1.50,1.17
2012.11.09 13:03:04.219,7.3068,7.30803,1.50,1.17
2012.11.09 13:03:05.057,7.3068,7.30802,1.50,1.17
2012.11.09 13:03:05.806,7.30682,7.30802,1.50,1.17
2012.11.09 13:03:06.245,7.3067,7.30794,1.50,2.20
2012.11.09 13:03:06.615,7.30682,7.30802,1.50,1.17
2012.11.09 13:03:08.612,7.30682,7.30803,1.50,1.13
2012.11.09 13:03:13.853,7.30683,7.30803,1.50,1.04
2012.11.09 13:03:14.045,7.30672,7.30796,1.50,2.02
2012.11.09 13:03:14.108,7.30683,7.30803,1.50,1.04
2012.11.09 13:03:15.119,7.30683,7.30802,1.50,1.22
2012.11.09 13:03:15.506,7.3068,7.30802,1.50,1.22
2012.11.09 13:03:16.939,7.3068,7.30806,1.50,2.22
2012.11.09 13:03:21.114,7.3068,7.30802,1.50,1.08
2012.11.09 13:03:21.193,7.30683,7.30802,1.50,1.08
2012.11.09 13:03:22.591,7.30662,7.30786,1.50,1.73
2012.11.09 13:03:22.718,7.30682,7.30802,1.50,1.08
2012.11.09 13:03:23.253,7.30679,7.30802,1.50,1.08
2012.11.09 13:03:23.664,7.30693,7.30802,1.50,1.06
2012.11.09 13:03:23.725,7.3068,7.30802,1.50,1.06
2012.11.09 13:03:27.468,7.3068,7.30804,1.50,2.31
2012.11.09 13:03:30.157,7.30666,7.30792,1.50,1.73
2012.11.09 13:03:30.297,7.30658,7.30784,1.50,1.73
2012.11.09 13:03:30.507,7.30679,7.30803,1.50,2.45
2012.11.09 13:03:31.395,7.3068,7.30804,1.50,2.45
2012.11.09 13:03:31.515,7.30669,7.30795,1.50,2.22
2012.11.09 13:03:31.576,7.30678,7.30804,1.50,2.45
2012.11.09 13:03:31.697,7.30665,7.30789,1.50,1.73
2012.11.09 13:03:31.826,7.30674,7.30798,1.50,2.22
2012.11.09 13:03:32.139,7.30682,7.30803,1.50,1.04
2012.11.09 13:03:32.588,7.30684,7.30803,1.50,1.04
2012.11.09 13:03:33.045,7.30675,7.30799,1.50,1.95
2012.11.09 13:03:33.165,7.30681,7.30803,1.50,1.04
2012.11.09 13:03:34.447,7.30653,7.30779,1.50,1.50
2012.11.09 13:03:34.566,7.30683,7.30779,1.50,1.50
2012.11.09 13:03:35.018,7.30715,7.30803,1.50,1.29
2012.11.09 13:03:35.089,7.30715,7.30841,1.50,2.45
2012.11.09 13:03:35.480,7.30709,7.30833,1.50,2.45
2012.11.09 13:03:35.947,7.30705,7.30829,1.50,1.95
2012.11.09 13:03:36.069,7.30712,7.30836,1.50,2.45
2012.11.09 13:03:36.319,7.30712,7.30836,1.50,2.27
2012.11.09 13:03:36.517,7.3072,7.30843,1.50,1.29
2012.11.09 13:03:37.086,7.30739,7.30845,1.50,1.36
2012.11.09 13:03:37.173,7.30727,7.30843,1.50,1.25
2012.11.09 13:03:37.296,7.30741,7.30843,1.50,1.25
2012.11.09 13:03:37.417,7.3075,7.30863,1.50,1.17
2012.11.09 13:03:37.485,7.3074,7.30863,1.50,1.17
2012.11.09 13:03:37.545,7.3074,7.30863,1.50,1.11
2012.11.09 13:03:37.935,7.30747,7.30863,1.50,1.11
2012.11.09 13:03:38.477,7.30741,7.30856,1.50,1.13
2012.11.09 13:03:38.846,7.30731,7.30856,1.50,1.13
2012.11.09 13:03:39.397,7.30734,7.30856,1.50,1.13
2012.11.09 13:03:39.907,7.30743,7.30856,1.50,1.13
2012.11.09 13:03:40.557,7.30764,7.30853,1.50,1.15
2012.11.09 13:03:40.777,7.30758,7.30853,1.50,1.15
2012.11.09 13:03:40.846,7.30748,7.30853,1.50,1.15
2012.11.09 13:03:40.967,7.30743,7.30853,1.50,1.15
2012.11.09 13:03:41.489,7.30754,7.30853,1.50,1.15
2012.11.09 13:03:41.558,7.30745,7.30853,1.50,1.15
2012.11.09 13:03:42.414,7.30745,7.30793,1.50,1.17
2012.11.09 13:03:42.545,7.30722,7.30793,1.50,1.05
2012.11.09 13:03:42.605,7.30656,7.30782,2.25,1.73
2012.11.09 13:03:42.727,7.30656,7.30782,2.25,1.50
2012.11.09 13:03:42.786,7.30721,7.30806,1.50,1.50
2012.11.09 13:03:42.847,7.30721,7.30842,1.50,1.26
2012.11.09 13:03:43.454,7.30734,7.30842,1.50,1.26
2012.11.09 13:03:44.762,7.30734,7.30853,1.50,1.13
2012.11.09 13:03:45.104,7.30739,7.30853,1.50,1.13
2012.11.09 13:03:45.496,7.30747,7.30853,1.50,1.13
2012.11.09 13:03:49.397,7.30747,7.30852,1.50,1.35
2012.11.09 13:03:49.788,7.3074,7.30852,1.50,1.35
2012.11.09 13:03:50.917,7.3074,7.30853,1.50,1.26
2012.11.09 13:03:51.390,7.30749,7.30853,1.50,1.26
2012.11.09 13:03:51.515,7.3074,7.30853,1.50,1.26
2012.11.09 13:03:51.724,7.30749,7.30853,1.50,1.26
2012.11.09 13:03:52.249,7.30734,7.30853,1.50,1.26
2012.11.09 13:03:52.957,7.30732,7.30853,1.50,1.26
2012.11.09 13:03:53.028,7.30746,7.30842,1.50,1.15
2012.11.09 13:03:53.294,7.30731,7.30842,1.50,1.15
2012.11.09 13:03:53.948,7.3074,7.30842,1.50,1.15
2012.11.09 13:03:54.075,7.30732,7.30842,1.50,1.15
2012.11.09 13:03:54.168,7.30745,7.30842,1.50,1.15
2012.11.09 13:03:54.681,7.30736,7.30842,1.50,1.15
2012.11.09 13:03:55.263,7.30736,7.30843,1.50,1.28
2012.11.09 13:03:55.498,7.30712,7.30837,1.50,2.19
2012.11.09 13:03:56.059,7.30711,7.30837,1.50,2.19
2012.11.09 13:03:56.370,7.3072,7.30843,1.50,1.28
2012.11.09 13:03:56.437,7.30711,7.30835,1.50,2.19
2012.11.09 13:03:56.494,7.30728,7.30843,1.50,1.28
2012.11.09 13:03:57.077,7.30728,7.30852,1.50,2.49
2012.11.09 13:03:57.664,7.30713,7.30839,1.50,1.94
2012.11.09 13:03:57.785,7.30705,7.30829,1.50,1.73
2012.11.09 13:03:58.255,7.30714,7.3084,1.50,1.94
2012.11.09 13:03:58.746,7.30716,7.3084,1.50,1.94
2012.11.09 13:03:59.274,7.30726,7.3085,1.50,2.23
2012.11.09 13:03:59.579,7.30718,7.30842,1.50,2.23
2012.11.09 13:03:59.704,7.30708,7.30834,1.50,2.00
2012.11.09 13:03:59.946,7.3071,7.30836,1.50,2.00
2012.11.09 13:04:00.176,7.30701,7.30827,1.50,1.73
2012.11.09 13:04:00.435,7.30711,7.30835,1.50,2.00
2012.11.09 13:04:00.856,7.3072,7.30846,1.50,2.23
2012.11.09 13:04:01.835,7.30713,7.30837,1.50,2.23
2012.11.09 13:04:03.096,7.307,7.30826,1.50,1.50
2012.11.09 13:04:03.723,7.3069,7.30814,1.88,1.50
2012.11.09 13:04:03.846,7.30707,7.30833,1.50,1.73
2012.11.09 13:04:04.027,7.3071,7.30834,1.50,1.73
2012.11.09 13:04:04.465,7.30726,7.30852,1.50,2.09
2012.11.09 13:04:05.146,7.3073,7.30853,1.50,1.05
2012.11.09 13:04:05.697,7.30728,7.30853,1.50,1.05
2012.11.09 13:04:06.319,7.30728,7.30852,1.50,1.27
2012.11.09 13:04:07.505,7.30709,7.30835,1.50,1.73
2012.11.09 13:04:07.626,7.3073,7.30852,1.50,1.27
2012.11.09 13:04:08.135,7.30744,7.30852,1.50,1.27
2012.11.09 13:04:08.255,7.30734,7.30852,1.50,1.27
2012.11.09 13:04:08.438,7.30744,7.30852,1.50,1.27
2012.11.09 13:04:08.745,7.30755,7.30853,1.50,1.29
2012.11.09 13:04:08.808,7.30732,7.30853,1.50,1.29
2012.11.09 13:04:08.878,7.3074,7.30853,1.50,1.29
2012.11.09 13:04:09.755,7.30739,7.30853,1.50,1.29
2012.11.09 13:04:09.935,7.30729,7.30853,1.50,2.79
2012.11.09 13:04:10.597,7.30729,7.30852,1.50,1.20
2012.11.09 13:04:11.166,7.3072,7.30844,1.50,2.20
2012.11.09 13:04:11.286,7.30738,7.30852,1.50,1.20
2012.11.09 13:04:11.888,7.30747,7.30852,1.50,1.20
2012.11.09 13:04:12.265,7.30731,7.30852,1.50,1.20
2012.11.09 13:04:12.587,7.30707,7.30831,3.00,1.50
2012.11.09 13:04:13.156,7.30715,7.30841,1.50,1.73
2012.11.09 13:04:13.646,7.30727,7.30851,1.50,2.13
2012.11.09 13:04:14.066,7.30721,7.30845,1.50,2.13
2012.11.09 13:04:14.128,7.30721,7.30845,1.50,1.73
2012.11.09 13:04:14.256,7.30712,7.30838,1.50,1.50
2012.11.09 13:04:14.395,7.30704,7.3083,1.50,1.50
2012.11.09 13:04:14.738,7.30729,7.30853,1.50,2.07
2012.11.09 13:04:15.348,7.30737,7.30861,1.50,2.24
2012.11.09 13:04:15.475,7.3072,7.30844,1.50,1.65
2012.11.09 13:04:15.568,7.30728,7.30854,1.50,2.24
2012.11.09 13:04:16.645,7.3073,7.30856,1.50,2.07
2012.11.09 13:04:17.786,7.30719,7.30843,1.50,1.73
2012.11.09 13:04:17.906,7.30726,7.30852,1.50,2.07
2012.11.09 13:04:18.902,7.30719,7.30843,1.50,1.73
2012.11.09 13:04:18.988,7.30727,7.30851,1.50,1.73
2012.11.09 13:04:19.389,7.30718,7.30842,1.50,1.73
2012.11.09 13:04:19.608,7.30725,7.30851,1.50,1.73
2012.11.09 13:04:20.507,7.30717,7.30843,1.50,1.73
2012.11.09 13:04:20.566,7.30727,7.30851,1.50,1.73
2012.11.09 13:04:20.908,7.30735,7.30861,1.50,2.32
2012.11.09 13:04:21.046,7.30726,7.30852,1.50,1.73
2012.11.09 13:04:21.539,7.30734,7.3086,1.50,2.32
2012.11.09 13:04:21.876,7.30727,7.30851,1.50,1.73
2012.11.09 13:04:22.801,7.30717,7.30843,1.50,1.73
2012.11.09 13:04:23.458,7.30718,7.30842,1.50,1.50
2012.11.09 13:04:24.154,7.30726,7.30852,1.50,1.73
2012.11.09 13:04:24.458,7.30736,7.3086,1.50,2.02
2012.11.09 13:04:24.792,7.30728,7.30852,1.50,1.73
2012.11.09 13:04:26.240,7.30728,7.30852,1.50,2.34
2012.11.09 13:04:27.888,7.30728,7.30823,1.50,1.39
2012.11.09 13:04:27.959,7.30709,7.30823,1.50,1.39
2012.11.09 13:04:28.085,7.30692,7.30816,2.25,2.46
2012.11.09 13:04:28.690,7.30686,7.30805,2.63,2.10
2012.11.09 13:04:28.839,7.30681,7.30803,1.50,1.05
2012.11.09 13:04:28.907,7.30672,7.30798,1.50,2.22
2012.11.09 13:04:29.936,7.30671,7.30795,1.50,2.22
2012.11.09 13:04:31.685,7.3067,7.30796,1.50,2.18
2012.11.09 13:04:32.202,7.3067,7.30796,1.50,2.28
2012.11.09 13:04:34.449,7.3067,7.30796,1.50,2.16
2012.11.09 13:04:34.517,7.30683,7.30803,1.50,1.19
2012.11.09 13:04:35.706,7.30673,7.30799,1.50,2.16
2012.11.09 13:04:43.385,7.30673,7.30799,1.50,2.06
2012.11.09 13:04:45.608,7.30673,7.30799,1.50,2.00
2012.11.09 13:04:45.737,7.30685,7.30803,1.50,1.01
2012.11.09 13:04:45.925,7.30675,7.30801,1.50,2.00
2012.11.09 13:04:46.589,7.30676,7.308,1.50,2.00
2012.11.09 13:04:47.085,7.30684,7.30803,1.50,1.01
2012.11.09 13:04:47.295,7.30675,7.30801,1.50,2.00
2012.11.09 13:04:47.877,7.30675,7.30801,1.50,2.27
2012.11.09 13:04:49.480,7.30691,7.30802,1.50,1.24
2012.11.09 13:04:49.999,7.30691,7.30813,1.50,1.56
2012.11.09 13:04:50.357,7.30679,7.30805,1.50,2.43
2012.11.09 13:04:51.702,7.30674,7.308,1.50,2.16
2012.11.09 13:04:51.827,7.30676,7.30802,1.50,2.16
2012.11.09 13:04:53.463,7.30687,7.30813,1.50,2.70
2012.11.09 13:04:54.016,7.30687,7.30812,1.50,1.11
2012.11.09 13:04:54.516,7.30678,7.30804,1.50,2.38
2012.11.09 13:04:56.156,7.30678,7.30804,1.50,2.45
2012.11.09 13:04:59.338,7.30678,7.30802,1.50,1.05
2012.11.09 13:05:00.105,7.3067,7.30796,1.50,2.00
2012.11.09 13:05:00.634,7.30671,7.30795,1.50,1.96
2012.11.09 13:05:01.059,7.30679,7.30803,1.50,2.23
2012.11.09 13:05:02.299,7.30665,7.30791,1.50,1.73
2012.11.09 13:05:02.495,7.30681,7.30807,1.50,2.23
2012.11.09 13:05:03.289,7.30681,7.30802,1.50,1.26
2012.11.09 13:05:03.448,7.30672,7.30798,1.50,2.34
2012.11.09 13:05:04.984,7.30672,7.30798,1.50,2.30
2012.11.09 13:05:08.166,7.30682,7.30803,1.50,1.05
2012.11.09 13:05:09.270,7.30682,7.30802,1.50,1.03
2012.11.09 13:05:09.676,7.30669,7.30795,1.50,2.30
2012.11.09 13:05:09.797,7.30679,7.30802,1.50,1.03
2012.11.09 13:05:10.226,7.3067,7.30794,1.50,2.30
2012.11.09 13:05:10.348,7.30678,7.30802,1.50,1.03
2012.11.09 13:05:10.495,7.30669,7.30795,1.50,2.30
2012.11.09 13:05:11.316,7.30669,7.30795,1.50,2.04
2012.11.09 13:05:11.725,7.30679,7.30803,1.50,2.61
2012.11.09 13:05:11.786,7.30669,7.30795,1.50,2.04
2012.11.09 13:05:11.845,7.30671,7.30795,1.50,2.04
2012.11.09 13:05:12.173,7.3068,7.30803,1.50,1.11
2012.11.09 13:05:12.320,7.3067,7.30796,1.50,2.04
2012.11.09 13:05:12.855,7.3068,7.30803,1.50,1.11
2012.11.09 13:05:12.974,7.30671,7.30795,1.50,2.04
2012.11.09 13:05:13.535,7.30671,7.30795,1.50,2.07
2012.11.09 13:05:15.566,7.30671,7.30795,1.50,2.32
2012.11.09 13:05:17.058,7.3068,7.30803,1.50,1.17
2012.11.09 13:05:17.305,7.30672,7.30798,1.50,2.32
2012.11.09 13:05:17.365,7.30672,7.30798,1.50,1.50
2012.11.09 13:05:18.336,7.30681,7.30805,1.50,1.73
2012.11.09 13:05:20.319,7.30681,7.30805,1.50,1.73
2012.11.09 13:05:24.076,7.30682,7.30808,1.50,1.73
2012.11.09 13:05:24.911,7.30674,7.308,1.50,1.50
2012.11.09 13:05:27.235,7.30683,7.30807,1.50,1.73
2012.11.09 13:05:27.417,7.30681,7.30805,1.50,1.73
2012.11.09 13:05:28.107,7.30681,7.30805,1.50,1.73
2012.11.09 13:05:30.449,7.30681,7.30805,1.50,1.73
2012.11.09 13:05:34.668,7.30681,7.30805,1.50,1.73
2012.11.09 13:05:37.175,7.30683,7.30807,1.50,1.73
2012.11.09 13:05:37.634,7.3069,7.30816,1.50,2.38
2012.11.09 13:05:38.437,7.30683,7.30807,1.50,1.73
2012.11.09 13:05:39.316,7.30683,7.30807,1.50,1.73
2012.11.09 13:05:39.755,7.30679,7.30803,1.50,1.73
2012.11.09 13:05:39.816,7.30692,7.30818,1.50,2.13
2012.11.09 13:05:41.415,7.30678,7.30804,1.50,1.73
2012.11.09 13:05:41.945,7.30678,7.30804,1.50,1.73
2012.11.09 13:05:45.847,7.30678,7.30804,1.50,1.73
2012.11.09 13:05:49.866,7.30694,7.3082,1.50,2.27
2012.11.09 13:05:49.986,7.30687,7.30811,1.50,1.73
2012.11.09 13:05:50.750,7.30687,7.30811,1.50,1.73
2012.11.09 13:05:51.127,7.30698,7.30823,1.50,1.35
2012.11.09 13:05:51.275,7.30687,7.30813,1.50,2.38
2012.11.09 13:05:54.340,7.30698,7.30823,1.50,1.26
2012.11.09 13:05:54.584,7.30683,7.30807,1.50,1.73
2012.11.09 13:05:54.945,7.30695,7.30821,1.50,2.13
2012.11.09 13:05:55.105,7.30682,7.30808,1.50,1.73
2012.11.09 13:05:55.528,7.30697,7.30823,1.50,2.94
2012.11.09 13:05:55.716,7.30688,7.30812,1.50,1.73
2012.11.09 13:05:56.825,7.30677,7.30803,1.50,1.73
2012.11.09 13:05:58.405,7.30691,7.30817,1.50,2.22
2012.11.09 13:05:59.385,7.30683,7.30807,1.50,1.73
2012.11.09 13:06:00.509,7.30697,7.3081,1.50,1.73
2012.11.09 13:06:01.476,7.30706,7.30823,1.50,1.29
2012.11.09 13:06:01.536,7.30698,7.30822,1.50,2.34
2012.11.09 13:06:01.726,7.30706,7.30823,1.50,1.29
2012.11.09 13:06:02.086,7.30716,7.30822,1.50,1.04
2012.11.09 13:06:02.147,7.30706,7.30822,1.50,1.04
2012.11.09 13:06:02.214,7.30692,7.30818,1.50,2.27
2012.11.09 13:06:03.716,7.307,7.30822,1.50,1.04
2012.11.09 13:06:03.839,7.3069,7.30814,1.50,2.27
2012.11.09 13:06:04.560,7.3069,7.30814,1.50,2.18
2012.11.09 13:06:06.120,7.30698,7.30823,1.50,1.15
2012.11.09 13:06:07.283,7.30698,7.30822,1.50,1.24
2012.11.09 13:06:08.153,7.30691,7.30815,1.50,2.22
2012.11.09 13:06:08.654,7.30681,7.30805,1.50,1.73
2012.11.09 13:06:09.015,7.307,7.30824,1.50,2.31
2012.11.09 13:06:09.135,7.30695,7.30819,1.50,2.02
2012.11.09 13:06:10.096,7.30714,7.30831,1.50,1.56
2012.11.09 13:06:10.157,7.30703,7.30827,1.50,2.31
2012.11.09 13:06:10.645,7.30694,7.3082,1.50,2.02
2012.11.09 13:06:11.148,7.30694,7.3082,1.50,2.16
2012.11.09 13:06:11.349,7.30708,7.30822,1.50,1.20
2012.11.09 13:06:11.825,7.30699,7.30822,1.50,1.20
2012.11.09 13:06:12.975,7.30698,7.30822,1.50,1.24
2012.11.09 13:06:13.651,7.30699,7.30822,1.50,1.24
2012.11.09 13:06:14.218,7.30699,7.30823,1.50,2.67
2012.11.09 13:06:14.405,7.30707,7.30823,1.50,1.17
2012.11.09 13:06:15.055,7.30699,7.30823,1.50,2.67
2012.11.09 13:06:16.426,7.30695,7.30821,1.50,2.34
2012.11.09 13:06:16.604,7.30706,7.30823,1.50,1.29
2012.11.09 13:06:17.805,7.30699,7.30823,1.50,2.79
2012.11.09 13:06:18.810,7.30716,7.30823,1.50,1.29
2012.11.09 13:06:19.066,7.30687,7.30802,1.50,1.15
2012.11.09 13:06:19.125,7.30679,7.30802,1.50,1.15
2012.11.09 13:06:19.807,7.30679,7.30803,1.50,2.72
2012.11.09 13:06:20.185,7.30689,7.30803,1.50,1.22
2012.11.09 13:06:21.426,7.30686,7.30803,1.50,1.22
2012.11.09 13:06:25.316,7.30697,7.30803,1.50,1.33
2012.11.09 13:06:25.440,7.30686,7.30803,1.50,1.33
2012.11.09 13:06:25.984,7.30686,7.30802,1.50,1.49
2012.11.09 13:06:28.178,7.30686,7.30803,1.50,1.22
2012.11.09 13:06:30.413,7.30686,7.30802,1.50,1.49
2012.11.09 13:06:32.652,7.30686,7.3081,1.50,3.18
2012.11.09 13:06:34.750,7.30686,7.30802,1.50,1.04
2012.11.09 13:06:40.219,7.30694,7.30802,1.50,1.20
2012.11.09 13:06:40.949,7.30705,7.30802,1.50,1.20
2012.11.09 13:06:45.838,7.30705,7.30803,1.50,1.35
2012.11.09 13:06:47.800,7.30708,7.30803,1.50,1.35
2012.11.09 13:06:47.879,7.307,7.30803,1.50,1.35
2012.11.09 13:06:50.507,7.30682,7.30808,1.50,2.43
2012.11.09 13:06:51.449,7.30684,7.30803,1.50,1.29
2012.11.09 13:06:55.133,7.30684,7.30808,1.50,2.25
2012.11.09 13:06:56.067,7.30683,7.30809,1.50,3.00
2012.11.09 13:06:57.268,7.30683,7.30809,1.50,3.22
2012.11.09 13:07:00.088,7.3068,7.30806,1.50,2.47
2012.11.09 13:07:01.510,7.30667,7.30793,1.50,2.11
2012.11.09 13:07:04.055,7.30677,7.30803,1.50,2.18
2012.11.09 13:07:05.245,7.30686,7.30803,1.50,1.17
2012.11.09 13:07:05.365,7.30675,7.30799,1.50,2.18
2012.11.09 13:07:07.202,7.30675,7.30799,1.50,2.20
2012.11.09 13:07:09.344,7.30675,7.30799,1.50,2.20
2012.11.09 13:07:12.214,7.30685,7.30803,1.50,1.11
2012.11.09 13:07:16.205,7.30685,7.30802,1.50,1.02
2012.11.09 13:07:18.242,7.30685,7.30809,1.50,2.33
2012.11.09 13:07:20.386,7.30685,7.30802,1.50,1.07
2012.11.09 13:07:25.159,7.30701,7.30802,1.50,1.17
2012.11.09 13:07:25.344,7.30691,7.30802,1.50,1.17
2012.11.09 13:07:28.425,7.30681,7.30802,1.50,1.38
2012.11.09 13:07:28.785,7.30672,7.30798,1.50,2.32
2012.11.09 13:07:28.845,7.30672,7.30782,1.50,1.47
2012.11.09 13:07:34.315,7.30671,7.30772,1.50,1.34
2012.11.09 13:07:34.436,7.30671,7.30783,1.50,1.10
2012.11.09 13:07:34.554,7.30665,7.30783,1.50,1.10
2012.11.09 13:07:34.615,7.30652,7.30778,1.50,2.01
2012.11.09 13:07:34.805,7.30682,7.30783,1.50,1.10
2012.11.09 13:07:34.866,7.30682,7.30802,1.50,1.33
2012.11.09 13:07:35.992,7.30682,7.30793,1.50,1.35
2012.11.09 13:07:37.337,7.30682,7.30792,1.50,1.04
2012.11.09 13:07:39.995,7.30682,7.30793,1.50,1.04
2012.11.09 13:07:41.067,7.30671,7.30793,1.50,1.04
2012.11.09 13:07:42.070,7.30671,7.30792,1.50,1.04
2012.11.09 13:07:44.609,7.30671,7.30793,1.50,1.22
2012.11.09 13:07:46.843,7.30678,7.30793,1.50,1.22
2012.11.09 13:07:47.765,7.30678,7.30802,1.50,2.85
2012.11.09 13:07:53.258,7.30678,7.30793,1.50,1.22
2012.11.09 13:07:54.436,7.30678,7.30783,1.50,1.13
2012.11.09 13:07:54.824,7.3067,7.30783,1.50,1.13
2012.11.09 13:07:55.873,7.3067,7.30782,1.50,1.29
2012.11.09 13:08:01.528,7.30662,7.30782,1.50,1.06
2012.11.09 13:08:02.256,7.30662,7.30762,1.50,1.13
2012.11.09 13:08:02.624,7.30687,7.30743,1.50,1.22
2012.11.09 13:08:03.588,7.30678,7.30743,1.50,1.22
2012.11.09 13:08:04.365,7.30678,7.30752,1.50,1.47
2012.11.09 13:08:04.496,7.30669,7.30752,1.50,1.47
2012.11.09 13:08:04.676,7.30662,7.30752,1.50,1.47
2012.11.09 13:08:04.736,7.30662,7.30733,1.50,1.40
2012.11.09 13:08:05.166,7.3063,7.30733,1.50,1.40
2012.11.09 13:08:07.157,7.30625,7.30723,1.50,1.06
2012.11.09 13:08:07.517,7.30625,7.30732,1.50,1.11
2012.11.09 13:08:08.296,7.30625,7.30722,1.50,1.40
2012.11.09 13:08:12.970,7.30625,7.30733,1.50,1.17
2012.11.09 13:08:13.276,7.30625,7.30712,1.50,1.15
2012.11.09 13:08:13.336,7.30616,7.30712,1.50,1.15
2012.11.09 13:08:13.455,7.30606,7.30712,1.50,1.15
2012.11.09 13:08:13.640,7.30592,7.30712,1.50,1.15
2012.11.09 13:08:15.726,7.30584,7.30708,1.50,2.49
2012.11.09 13:08:16.820,7.30592,7.30711,1.50,1.74
2012.11.09 13:08:16.957,7.30583,7.30709,1.50,2.49
2012.11.09 13:08:17.398,7.30592,7.30703,1.50,1.08
2012.11.09 13:08:18.110,7.30591,7.30703,1.50,1.08
2012.11.09 13:08:19.174,7.30591,7.30702,1.50,1.47
2012.11.09 13:08:19.526,7.30583,7.30702,1.50,1.47
2012.11.09 13:08:19.896,7.30575,7.30699,1.50,2.38
2012.11.09 13:08:20.078,7.30532,7.30652,1.50,1.15
2012.11.09 13:08:20.436,7.30532,7.30642,1.50,1.22
2012.11.09 13:08:21.298,7.30532,7.30643,1.50,1.22
2012.11.09 13:08:23.681,7.30532,7.30642,1.50,1.08
2012.11.09 13:08:28.450,7.30532,7.30653,1.50,1.31
2012.11.09 13:08:29.516,7.30522,7.30646,1.50,2.47
2012.11.09 13:08:32.905,7.30498,7.30607,1.50,1.50
2012.11.09 13:08:32.966,7.30498,7.30607,1.50,1.88
2012.11.09 13:08:33.026,7.30481,7.30607,2.25,1.88
2012.11.09 13:08:33.150,7.30475,7.30542,1.95,1.88
2012.11.09 13:08:33.216,7.30416,7.30542,1.50,1.88
2012.11.09 13:08:33.336,7.30416,7.30483,1.50,1.40
2012.11.09 13:08:34.787,7.30416,7.30492,1.50,1.26
2012.11.09 13:08:36.918,7.30416,7.30493,1.50,1.11
2012.11.09 13:08:39.296,7.30425,7.30492,1.50,1.29
2012.11.09 13:08:39.536,7.30425,7.30503,1.50,1.26
2012.11.09 13:08:39.775,7.30408,7.30513,1.50,1.11
2012.11.09 13:08:40.105,7.30408,7.30532,1.50,1.17
2012.11.09 13:08:40.165,7.30417,7.30532,1.50,1.17
2012.11.09 13:08:40.777,7.30427,7.30532,1.50,1.17
2012.11.09 13:08:41.575,7.30427,7.30523,1.50,1.04
2012.11.09 13:08:42.326,7.30432,7.30523,1.50,1.04
2012.11.09 13:08:42.955,7.30457,7.30523,1.50,1.04
2012.11.09 13:08:45.652,7.30457,7.30522,1.50,1.06
2012.11.09 13:08:50.577,7.30457,7.30533,1.50,1.29
2012.11.09 13:08:52.655,7.30457,7.30522,1.50,1.04
2012.11.09 13:08:54.857,7.30457,7.30523,1.50,1.08
2012.11.09 13:08:59.091,7.30457,7.30532,1.50,1.40
2012.11.09 13:09:02.236,7.30432,7.30522,1.88,1.24
2012.11.09 13:09:02.539,7.30423,7.30549,1.88,1.50
2012.11.09 13:09:04.196,7.30439,7.30565,1.50,1.50
2012.11.09 13:09:04.379,7.30439,7.30523,1.50,1.29
2012.11.09 13:09:04.507,7.30436,7.30533,1.50,1.26
2012.11.09 13:09:05.245,7.30424,7.30533,1.50,1.26
2012.11.09 13:09:05.366,7.30424,7.30493,1.50,1.49
2012.11.09 13:09:06.820,7.30383,7.30493,1.50,1.49
2012.11.09 13:09:07.391,7.30383,7.30492,1.50,1.20
2012.11.09 13:09:09.617,7.30383,7.30493,1.50,1.08
2012.11.09 13:09:10.396,7.30359,7.30478,1.50,1.73
2012.11.09 13:09:10.456,7.30354,7.30478,1.50,1.73
2012.11.09 13:09:13.450,7.30354,7.30478,1.50,1.50
2012.11.09 13:09:13.959,7.30334,7.30458,1.88,1.50
2012.11.09 13:09:14.927,7.30353,7.30479,1.50,1.73
2012.11.09 13:09:15.947,7.30353,7.30479,1.50,1.73
2012.11.09 13:09:17.073,7.30383,7.30493,1.50,1.02
2012.11.09 13:09:17.967,7.30383,7.305,1.50,1.75
2012.11.09 13:09:18.086,7.30343,7.30469,1.50,1.50
2012.11.09 13:09:18.210,7.30373,7.30493,1.50,2.50
2012.11.09 13:09:19.099,7.30368,7.30494,1.50,2.41
2012.11.09 13:09:19.165,7.30362,7.30488,1.50,1.95
2012.11.09 13:09:21.237,7.30363,7.30487,1.50,1.98
2012.11.09 13:09:21.356,7.30363,7.30482,1.50,1.32
2012.11.09 13:09:21.675,7.30363,7.30473,1.50,1.24
2012.11.09 13:09:21.877,7.30348,7.30472,1.50,2.18
2012.11.09 13:09:24.456,7.30348,7.30462,1.50,1.14
2012.11.09 13:09:29.406,7.30324,7.30448,3.00,1.73
2012.11.09 13:09:29.776,7.30329,7.30453,1.50,2.20
2012.11.09 13:09:30.198,7.30337,7.30461,1.50,2.01
2012.11.09 13:09:30.896,7.30345,7.30469,1.50,2.48
2012.11.09 13:09:31.406,7.30345,7.30463,1.50,1.23
2012.11.09 13:09:31.646,7.30336,7.3046,1.50,2.16
2012.11.09 13:09:32.506,7.30323,7.30449,1.50,1.73
2012.11.09 13:09:32.565,7.30323,7.30443,1.50,1.13
2012.11.09 13:09:36.247,7.30323,7.30449,1.50,2.27
2012.11.09 13:09:38.835,7.30323,7.30443,1.50,1.42
2012.11.09 13:09:38.956,7.30323,7.30449,1.50,1.73
2012.11.09 13:09:39.196,7.30323,7.30449,1.50,1.50
2012.11.09 13:09:39.315,7.30346,7.3047,1.50,1.50
2012.11.09 13:09:39.637,7.30358,7.30482,1.50,1.98
2012.11.09 13:09:39.765,7.30342,7.30466,1.50,1.50
2012.11.09 13:09:39.885,7.30332,7.30458,1.50,1.50
2012.11.09 13:09:40.589,7.30336,7.3046,1.50,1.50
2012.11.09 13:09:41.776,7.30351,7.30477,1.50,1.73
2012.11.09 13:09:43.455,7.30361,7.30487,1.50,2.95
2012.11.09 13:09:43.776,7.3035,7.30476,1.50,1.73
2012.11.09 13:09:44.936,7.3035,7.30476,1.50,1.73
2012.11.09 13:09:45.256,7.30358,7.30484,1.50,2.11
2012.11.09 13:09:45.596,7.30347,7.30473,1.50,1.73
2012.11.09 13:09:47.035,7.30347,7.30473,1.50,1.73
2012.11.09 13:09:47.575,7.30356,7.30482,1.50,2.04
2012.11.09 13:09:48.311,7.30353,7.30477,1.50,1.73
2012.11.09 13:09:48.584,7.3036,7.30486,1.50,2.04
2012.11.09 13:09:51.998,7.3037,7.30487,1.50,1.25
2012.11.09 13:09:52.056,7.30355,7.30479,1.50,1.73
2012.11.09 13:09:52.662,7.30358,7.30482,1.50,2.00
2012.11.09 13:09:57.138,7.30354,7.3048,1.50,1.73
2012.11.09 13:09:57.195,7.30369,7.30487,1.50,1.23
2012.11.09 13:09:57.316,7.30358,7.30482,1.50,1.98
2012.11.09 13:09:57.435,7.30366,7.30487,1.50,1.23
2012.11.09 13:09:57.676,7.30356,7.30482,1.50,1.98
2012.11.09 13:09:58.646,7.30356,7.30482,1.50,1.73
2012.11.09 13:09:59.145,7.30369,7.30487,1.50,1.45
2012.11.09 13:09:59.509,7.30358,7.30482,1.50,1.73
2012.11.09 13:10:00.523,7.30355,7.30479,1.50,1.73
2012.11.09 13:10:01.098,7.30355,7.30479,1.50,1.73
2012.11.09 13:10:01.326,7.30369,7.30487,1.50,1.25
2012.11.09 13:10:01.506,7.30364,7.30487,1.50,1.25
2012.11.09 13:10:01.566,7.30354,7.30478,1.50,1.73
2012.11.09 13:10:02.276,7.3032,7.30465,1.88,1.50
2012.11.09 13:10:02.336,7.30318,7.30461,1.13,1.50
2012.11.09 13:10:02.988,7.30326,7.3047,1.88,1.50
2012.11.09 13:10:03.563,7.30327,7.30469,1.88,1.50
2012.11.09 13:10:03.846,7.30318,7.30455,1.13,1.50
2012.11.09 13:10:04.366,7.30324,7.30473,1.88,1.65
2012.11.09 13:10:05.393,7.30324,7.30473,1.88,1.73
2012.11.09 13:10:10.355,7.30324,7.30473,1.88,1.73
2012.11.09 13:10:10.648,7.30318,7.30467,2.63,1.50
2012.11.09 13:10:10.868,7.30326,7.30471,1.88,1.50
2012.11.09 13:10:11.305,7.30331,7.3048,1.50,1.73
2012.11.09 13:10:11.917,7.30323,7.30468,1.88,1.50
2012.11.09 13:10:13.006,7.30332,7.30478,1.50,1.73
2012.11.09 13:10:13.136,7.30324,7.30469,1.88,1.50
2012.11.09 13:10:13.256,7.30331,7.3048,1.50,1.73
2012.11.09 13:10:16.938,7.30331,7.3048,1.50,1.73
2012.11.09 13:10:18.057,7.30328,7.30474,1.88,1.73
2012.11.09 13:10:18.885,7.30336,7.30481,1.50,1.73
2012.11.09 13:10:19.007,7.30327,7.30471,1.88,1.50
2012.11.09 13:10:19.127,7.30336,7.30481,1.50,1.73
2012.11.09 13:10:19.279,7.30328,7.3047,1.88,1.50
2012.11.09 13:10:19.857,7.30322,7.30471,1.88,1.50
2012.11.09 13:10:20.080,7.30332,7.3048,1.50,1.73
2012.11.09 13:10:20.405,7.30324,7.30469,1.88,1.50
2012.11.09 13:10:27.406,7.30332,7.3048,1.50,1.73
2012.11.09 13:10:27.948,7.30332,7.3048,1.50,1.73
2012.11.09 13:10:30.285,7.30336,7.30481,1.50,1.73
2012.11.09 13:10:30.416,7.30327,7.30471,1.88,1.50
2012.11.09 13:10:34.515,7.30333,7.30482,1.50,1.98
2012.11.09 13:10:34.818,7.30337,7.30482,1.50,2.11
2012.11.09 13:10:35.475,7.30345,7.30487,1.50,1.36
2012.11.09 13:10:36.406,7.30342,7.30487,1.50,1.36
2012.11.09 13:10:37.091,7.30342,7.30487,1.50,1.63
2012.11.09 13:10:37.587,7.3035,7.30487,1.50,1.63
2012.11.09 13:10:37.645,7.30342,7.30487,1.50,1.63
2012.11.09 13:10:39.187,7.30322,7.30468,1.88,1.50
2012.11.09 13:10:39.385,7.30329,7.30473,1.88,1.73
2012.11.09 13:10:40.546,7.30318,7.30459,1.13,1.50
2012.11.09 13:10:40.726,7.30327,7.30476,1.88,1.73
2012.11.09 13:10:42.448,7.30327,7.30476,1.88,1.73
2012.11.09 13:10:46.526,7.30327,7.30476,1.88,1.73
2012.11.09 13:10:46.657,7.30316,7.30459,1.88,1.50
2012.11.09 13:10:46.715,7.3032,7.30467,1.88,1.50
2012.11.09 13:10:50.403,7.30319,7.30465,1.88,1.50
2012.11.09 13:10:50.526,7.30328,7.30471,1.88,1.50
2012.11.09 13:10:51.461,7.30317,7.30462,1.88,1.50
2012.11.09 13:10:51.742,7.3033,7.30476,1.50,1.73
2012.11.09 13:10:51.866,7.30321,7.30466,1.88,1.50
2012.11.09 13:10:52.195,7.3033,7.30476,1.50,1.73
2012.11.09 13:10:53.872,7.3033,7.30476,1.50,1.73
2012.11.09 13:10:54.528,7.30322,7.30467,1.88,1.50
2012.11.09 13:10:54.950,7.30314,7.30462,1.88,1.50
2012.11.09 13:10:55.078,7.30324,7.30468,1.88,1.50
2012.11.09 13:10:56.168,7.30315,7.30462,1.88,1.50
2012.11.09 13:10:56.255,7.30332,7.30479,1.50,1.73
2012.11.09 13:10:56.376,7.30328,7.30471,1.88,1.50
2012.11.09 13:10:56.557,7.3029,7.30436,2.25,1.50
2012.11.09 13:10:56.735,7.3029,7.30436,2.25,2.18
2012.11.09 13:10:56.795,7.3029,7.30436,1.50,2.18
2012.11.09 13:10:57.937,7.30279,7.30424,2.63,1.73
2012.11.09 13:11:01.717,7.30282,7.30425,1.50,1.73
2012.11.09 13:11:02.098,7.3029,7.30434,1.50,2.27
2012.11.09 13:11:02.436,7.3029,7.304,1.50,1.50
2012.11.09 13:11:02.675,7.3023,7.30372,2.25,1.22
2012.11.09 13:11:02.856,7.3023,7.30362,2.25,1.51
2012.11.09 13:11:02.915,7.3023,7.30362,1.50,1.51
2012.11.09 13:11:04.372,7.3023,7.30363,1.50,1.04
2012.11.09 13:11:04.750,7.30219,7.30363,1.50,1.04
2012.11.09 13:11:06.486,7.30219,7.30366,1.50,1.98
2012.11.09 13:11:06.606,7.3022,7.30358,2.33,1.73
2012.11.09 13:11:06.847,7.30229,7.30369,1.13,1.50
2012.11.09 13:11:06.966,7.30228,7.30353,1.73,1.02
2012.11.09 13:11:07.146,7.30204,7.30347,3.68,2.27
2012.11.09 13:11:07.896,7.30214,7.30347,1.13,2.27
2012.11.09 13:11:08.147,7.30231,7.30378,2.33,1.73
2012.11.09 13:11:08.206,7.3023,7.30378,2.25,1.73
2012.11.09 13:11:08.266,7.3023,7.30363,2.25,1.62
2012.11.09 13:11:09.694,7.30194,7.30337,2.25,2.04
2012.11.09 13:11:10.346,7.30184,7.30309,2.40,1.50
2012.11.09 13:11:10.706,7.30215,7.30328,2.18,1.50
2012.11.09 13:11:10.888,7.30183,7.30328,2.25,1.65
2012.11.09 13:11:11.397,7.30183,7.30328,2.25,1.73
2012.11.09 13:11:11.817,7.30189,7.30337,1.88,2.14
2012.11.09 13:11:12.057,7.30199,7.30338,1.13,1.50
2012.11.09 13:11:12.178,7.30203,7.30346,2.25,1.73
2012.11.09 13:11:12.306,7.3018,7.30326,2.25,1.50
2012.11.09 13:11:12.426,7.3018,7.30326,2.25,1.73
2012.11.09 13:11:12.977,7.3018,7.30326,2.25,1.73
2012.11.09 13:11:17.698,7.3018,7.30326,2.25,1.73
2012.11.09 13:11:19.701,7.3018,7.30326,2.25,1.73
2012.11.09 13:11:21.910,7.3018,7.30326,2.25,1.73
2012.11.09 13:11:24.200,7.3018,7.30326,2.25,1.73
2012.11.09 13:11:25.433,7.30171,7.30318,1.50,2.43
2012.11.09 13:11:26.761,7.30171,7.30318,1.50,2.27
2012.11.09 13:11:27.238,7.30175,7.30317,1.50,2.27
2012.11.09 13:11:28.366,7.30179,7.30323,1.50,1.22
2012.11.09 13:11:28.428,7.30174,7.30318,1.50,2.27
2012.11.09 13:11:29.277,7.30174,7.30318,1.50,2.29
2012.11.09 13:11:29.637,7.30182,7.30322,1.50,1.22
2012.11.09 13:11:30.227,7.30175,7.30317,1.50,2.29
2012.11.09 13:11:31.366,7.30175,7.30317,1.50,2.36
2012.11.09 13:11:32.157,7.30178,7.30323,1.50,1.47
2012.11.09 13:11:32.713,7.30174,7.30318,1.50,2.36
2012.11.09 13:11:33.431,7.30174,7.30318,1.50,2.25
2012.11.09 13:11:35.699,7.3018,7.30312,1.50,1.15
2012.11.09 13:11:35.771,7.3018,7.30326,1.50,3.18
2012.11.09 13:11:35.956,7.3018,7.30326,1.88,3.18
2012.11.09 13:11:36.020,7.3018,7.30326,1.88,2.25
2012.11.09 13:11:36.147,7.3017,7.30315,1.35,1.50
2012.11.09 13:11:36.468,7.30186,7.30283,1.13,1.50
2012.11.09 13:11:36.656,7.30186,7.30319,1.13,1.50
2012.11.09 13:11:36.836,7.30218,7.3035,1.50,1.50
2012.11.09 13:11:36.956,7.30248,7.30372,1.50,1.98
2012.11.09 13:11:37.258,7.30249,7.30375,1.50,2.00
2012.11.09 13:11:37.569,7.30248,7.30374,1.50,2.48
2012.11.09 13:11:37.637,7.30248,7.30374,1.50,2.48
2012.11.09 13:11:38.390,7.30268,7.30383,1.50,1.25
2012.11.09 13:11:38.518,7.30255,7.30381,1.50,2.48
2012.11.09 13:11:38.646,7.30255,7.30378,1.50,2.40
2012.11.09 13:11:38.980,7.30246,7.30368,1.50,1.61
2012.11.09 13:11:40.727,7.30246,7.30368,1.50,1.47
2012.11.09 13:11:41.017,7.30229,7.30353,1.50,1.73
2012.11.09 13:11:41.076,7.30236,7.30353,1.50,1.73
2012.11.09 13:11:41.758,7.30229,7.30353,1.50,2.83
2012.11.09 13:11:41.830,7.3022,7.30346,1.50,2.18
2012.11.09 13:11:42.026,7.30229,7.30353,1.50,1.33
2012.11.09 13:11:42.294,7.3022,7.30346,1.50,2.18
2012.11.09 13:11:42.948,7.3022,7.30346,1.50,2.38
2012.11.09 13:11:44.989,7.3022,7.30346,1.50,2.27
2012.11.09 13:11:45.916,7.3023,7.30353,1.50,1.29
2012.11.09 13:11:47.127,7.30242,7.30353,1.50,1.29
2012.11.09 13:11:47.376,7.30232,7.30353,1.50,1.29
2012.11.09 13:11:47.497,7.3024,7.30353,1.50,1.42
2012.11.09 13:11:48.266,7.3023,7.30353,1.50,1.42
2012.11.09 13:11:48.447,7.30239,7.30353,1.50,1.42
2012.11.09 13:11:50.437,7.30223,7.30349,1.50,2.04
2012.11.09 13:11:50.556,7.30215,7.30339,1.50,1.73
2012.11.09 13:11:50.676,7.30215,7.30322,1.50,1.49
2012.11.09 13:11:51.725,7.30205,7.30322,1.50,1.49
2012.11.09 13:11:52.304,7.30205,7.30323,1.50,1.44
2012.11.09 13:11:52.998,7.30213,7.30323,1.50,1.44
2012.11.09 13:11:53.068,7.30205,7.30323,1.50,1.44
2012.11.09 13:11:54.380,7.30205,7.30322,1.50,1.26
2012.11.09 13:11:55.127,7.30216,7.30322,1.50,1.26
2012.11.09 13:11:55.877,7.30223,7.30322,1.50,1.26
2012.11.09 13:11:56.176,7.30216,7.30322,1.50,1.26
2012.11.09 13:11:58.777,7.30224,7.30337,1.50,1.74
2012.11.09 13:11:59.196,7.30206,7.30332,1.50,1.50
2012.11.09 13:11:59.315,7.30219,7.30343,1.50,2.13
2012.11.09 13:11:59.616,7.30227,7.30351,1.50,2.13
2012.11.09 13:12:00.547,7.30236,7.30357,1.50,1.70
2012.11.09 13:12:01.216,7.30239,7.30357,1.50,1.70
2012.11.09 13:12:01.336,7.30229,7.30353,1.50,2.45
2012.11.09 13:12:01.456,7.30239,7.30357,1.50,1.70
2012.11.09 13:12:02.233,7.30229,7.30353,1.50,2.40
2012.11.09 13:12:05.079,7.30229,7.30343,1.50,1.15
2012.11.09 13:12:05.386,7.3024,7.30353,1.50,1.11
2012.11.09 13:12:05.446,7.30222,7.30346,1.50,2.36
2012.11.09 13:12:09.087,7.30235,7.30343,1.50,1.06
2012.11.09 13:12:09.236,7.30226,7.30343,1.50,1.06
2012.11.09 13:12:10.530,7.30226,7.30342,1.50,1.29
2012.11.09 13:12:12.837,7.30226,7.30343,1.50,1.44
2012.11.09 13:12:15.323,7.30226,7.30342,1.50,1.40
2012.11.09 13:12:16.939,7.30226,7.30349,1.50,1.59
2012.11.09 13:12:22.189,7.30226,7.30342,1.50,1.17
2012.11.09 13:12:24.288,7.30226,7.30343,1.50,1.11
2012.11.09 13:12:26.466,7.30226,7.30342,1.50,1.02
2012.11.09 13:12:28.525,7.30226,7.30349,1.50,1.63
2012.11.09 13:12:29.330,7.30223,7.30333,1.50,1.01
2012.11.09 13:12:29.400,7.30223,7.30326,1.50,1.23
2012.11.09 13:12:31.795,7.30223,7.30282,1.50,1.26
2012.11.09 13:12:31.916,7.30205,7.30282,1.50,1.26
2012.11.09 13:12:32.359,7.30205,7.30322,1.50,1.22
2012.11.09 13:12:32.556,7.30222,7.30322,1.50,1.22
2012.11.09 13:12:33.206,7.30222,7.30323,1.50,1.04
2012.11.09 13:12:35.088,7.30222,7.30322,1.50,1.15
2012.11.09 13:12:35.246,7.30222,7.30326,1.50,1.07
2012.11.09 13:12:36.187,7.30222,7.30322,1.50,1.04
2012.11.09 13:12:40.546,7.3021,7.30322,1.50,1.37
2012.11.09 13:12:40.729,7.3021,7.30305,1.50,1.38
2012.11.09 13:12:48.765,7.30173,7.30297,2.36,2.10
2012.11.09 13:12:49.007,7.30173,7.30286,1.50,1.35
2012.11.09 13:12:58.177,7.30173,7.30283,1.50,1.33
2012.11.09 13:12:59.127,7.30173,7.30293,1.50,1.10
2012.11.09 13:12:59.246,7.30173,7.30283,1.50,1.08
2012.11.09 13:13:05.186,7.30173,7.30273,1.50,1.08
2012.11.09 13:13:05.246,7.30127,7.30248,1.26,1.50
2012.11.09 13:13:05.426,7.30122,7.30248,2.18,1.73
2012.11.09 13:13:05.547,7.30156,7.30262,1.50,1.17
2012.11.09 13:13:05.667,7.30156,7.3028,1.73,2.29
2012.11.09 13:13:06.399,7.30166,7.30282,1.50,1.44
2012.11.09 13:13:07.966,7.30142,7.30248,2.34,1.50
2012.11.09 13:13:08.026,7.30122,7.30248,2.13,1.73
2012.11.09 13:13:08.960,7.30122,7.30248,2.16,1.73
2012.11.09 13:13:10.297,7.30153,7.30262,1.50,1.02
2012.11.09 13:13:10.637,7.30153,7.30271,1.73,1.73
2012.11.09 13:13:10.828,7.30169,7.30271,1.50,1.73
2012.11.09 13:13:11.355,7.30169,7.30283,1.50,1.24
2012.11.09 13:13:11.475,7.30169,7.30295,1.73,2.16
2012.11.09 13:13:11.596,7.3018,7.303,1.50,1.03
2012.11.09 13:13:11.926,7.30193,7.303,1.50,1.03
2012.11.09 13:13:13.269,7.30193,7.303,1.50,1.10
2012.11.09 13:13:13.576,7.30195,7.303,1.50,1.10
2012.11.09 13:13:14.737,7.30195,7.30292,1.50,1.47
2012.11.09 13:13:14.928,7.30195,7.30271,1.50,1.50
2012.11.09 13:13:14.999,7.30195,7.30272,1.50,1.26
2012.11.09 13:13:15.127,7.30195,7.303,1.50,1.05
2012.11.09 13:13:15.246,7.30168,7.30248,1.73,1.50
2012.11.09 13:13:15.398,7.302,7.303,1.50,1.05
2012.11.09 13:13:16.171,7.30193,7.303,1.50,1.23
2012.11.09 13:13:16.297,7.302,7.303,1.50,1.23
2012.11.09 13:13:16.477,7.30191,7.30303,1.50,1.35
2012.11.09 13:13:16.598,7.30191,7.30311,1.50,1.08
2012.11.09 13:13:16.668,7.30201,7.30303,1.50,1.45
2012.11.09 13:13:17.049,7.3021,7.30303,1.50,1.45
2012.11.09 13:13:18.349,7.3021,7.30299,1.50,1.35
2012.11.09 13:13:18.479,7.30173,7.30297,2.18,2.10
2012.11.09 13:13:18.607,7.30173,7.30283,1.50,1.15
2012.11.09 13:13:22.428,7.30173,7.30285,1.50,1.26
2012.11.09 13:13:24.699,7.30173,7.30283,1.50,1.11
2012.11.09 13:13:28.916,7.30173,7.30282,1.50,1.22
2012.11.09 13:13:31.312,7.30173,7.30283,1.50,1.31
2012.11.09 13:13:34.008,7.30156,7.30282,1.73,2.25
2012.11.09 13:13:35.430,7.30156,7.30282,1.73,2.72
2012.11.09 13:13:36.483,7.30156,7.30282,1.73,2.29
2012.11.09 13:13:41.895,7.30156,7.30282,1.73,2.56
2012.11.09 13:13:42.716,7.30143,7.30267,1.73,2.07
2012.11.09 13:13:45.283,7.30143,7.30267,1.73,2.09
2012.11.09 13:13:47.666,7.30143,7.30263,1.73,1.45
2012.11.09 13:13:47.906,7.30126,7.30232,1.50,1.23
2012.11.09 13:13:48.407,7.30126,7.30233,1.50,1.37
2012.11.09 13:13:48.727,7.30139,7.30233,1.50,1.37
2012.11.09 13:13:49.026,7.30128,7.30233,1.50,1.37
2012.11.09 13:13:54.775,7.30128,7.30232,1.50,1.26
2012.11.09 13:13:57.894,7.30128,7.30233,1.50,1.21
2012.11.09 13:14:01.093,7.30128,7.30232,1.50,1.55
2012.11.09 13:14:02.277,7.3013,7.30232,1.50,1.55
2012.11.09 13:14:02.617,7.3012,7.30232,1.50,1.55
2012.11.09 13:14:02.888,7.3013,7.30232,1.50,1.55
2012.11.09 13:14:03.446,7.3013,7.30231,1.50,1.26
2012.11.09 13:14:04.310,7.3013,7.30223,1.50,1.44
2012.11.09 13:14:04.377,7.30128,7.30223,1.50,1.44
2012.11.09 13:14:05.230,7.30128,7.30225,1.50,1.23
2012.11.09 13:14:06.222,7.30128,7.30233,1.50,1.55
2012.11.09 13:14:07.046,7.30129,7.30233,1.50,1.55
2012.11.09 13:14:07.167,7.30129,7.30233,1.50,1.55
2012.11.09 13:14:07.286,7.30104,7.3023,1.50,2.40
2012.11.09 13:14:07.347,7.30104,7.3021,1.50,1.19
2012.11.09 13:14:08.029,7.30104,7.30212,1.50,1.44
2012.11.09 13:14:09.756,7.30075,7.30193,1.50,1.17
2012.11.09 13:14:11.731,7.30075,7.30192,1.50,1.17
2012.11.09 13:14:13.246,7.30075,7.30182,1.50,1.29
2012.11.09 13:14:13.306,7.30064,7.30182,1.50,1.29
2012.11.09 13:14:13.366,7.30064,7.30146,1.50,1.26
2012.11.09 13:14:13.427,7.30056,7.30146,1.50,1.26
2012.11.09 13:14:13.486,7.30056,7.30146,1.50,1.10
2012.11.09 13:14:18.067,7.30056,7.30152,1.50,1.19
2012.11.09 13:14:19.916,7.30052,7.30152,1.50,1.19
2012.11.09 13:14:20.549,7.30052,7.30153,1.50,1.59
2012.11.09 13:14:21.981,7.30024,7.30122,1.50,1.13
2012.11.09 13:14:22.226,7.30018,7.30122,1.50,1.13
2012.11.09 13:14:22.286,7.30018,7.30142,1.50,1.70
2012.11.09 13:14:22.346,7.30031,7.30142,1.50,1.70
2012.11.09 13:14:22.709,7.30055,7.30142,1.50,1.04
2012.11.09 13:14:22.780,7.30046,7.30142,1.50,1.04
2012.11.09 13:14:23.174,7.30046,7.30146,1.50,1.10
2012.11.09 13:14:26.447,7.30046,7.30142,1.50,1.26
2012.11.09 13:14:26.507,7.30025,7.30142,1.50,1.26
2012.11.09 13:14:26.568,7.30025,7.30122,1.50,1.22
2012.11.09 13:14:27.228,7.30025,7.30125,1.50,1.21
2012.11.09 13:14:28.829,7.30025,7.30122,1.50,1.20
2012.11.09 13:14:30.926,7.30025,7.30125,1.50,1.28
2012.11.09 13:14:36.318,7.30025,7.30125,1.50,1.10
2012.11.09 13:14:37.179,7.30025,7.30132,1.50,1.50
2012.11.09 13:14:39.371,7.30025,7.30125,1.50,1.21
2012.11.09 13:14:42.666,7.30049,7.30133,1.50,1.06
2012.11.09 13:14:43.027,7.30086,7.30133,1.50,1.06
2012.11.09 13:14:43.150,7.30104,7.30173,1.50,1.32
2012.11.09 13:14:43.277,7.30104,7.30183,1.50,1.28
2012.11.09 13:14:43.926,7.30079,7.30183,1.50,1.17
2012.11.09 13:14:44.047,7.30079,7.30163,1.50,1.29
2012.11.09 13:14:44.287,7.30074,7.30163,1.50,1.29
2012.11.09 13:14:44.346,7.30074,7.30183,1.50,1.41
2012.11.09 13:14:45.997,7.30074,7.30192,1.50,1.15
2012.11.09 13:14:46.416,7.30074,7.30179,1.50,1.58
2012.11.09 13:14:46.477,7.30029,7.30153,1.50,1.88
2012.11.09 13:14:46.596,7.30029,7.30142,1.50,1.35
2012.11.09 13:14:48.107,7.30029,7.3014,1.50,1.23
2012.11.09 13:14:51.318,7.30029,7.30142,1.50,1.12
2012.11.09 13:14:52.421,7.30029,7.3014,1.50,1.10
2012.11.09 13:14:52.727,7.30005,7.30046,1.50,1.23
2012.11.09 13:14:52.906,7.2995,7.30046,1.50,1.23
2012.11.09 13:14:53.147,7.2995,7.30052,1.50,1.26
2012.11.09 13:14:53.767,7.2995,7.30043,1.50,1.02
2012.11.09 13:14:54.126,7.30038,7.30061,1.50,1.02
2012.11.09 13:14:54.246,7.30038,7.30183,1.50,1.41
2012.11.09 13:14:57.513,7.30079,7.30171,1.50,1.63
2012.11.09 13:14:57.706,7.30079,7.30193,1.50,1.32
2012.11.09 13:14:58.578,7.30079,7.30192,1.50,1.17
2012.11.09 13:14:58.816,7.30069,7.30192,1.88,1.17
2012.11.09 13:14:58.876,7.30132,7.30192,1.50,1.17
2012.11.09 13:14:59.057,7.30122,7.30248,1.50,1.73
2012.11.09 13:14:59.117,7.30137,7.30261,1.50,2.13
2012.11.09 13:14:59.297,7.30129,7.30253,1.50,2.13
2012.11.09 13:14:59.418,7.30148,7.30252,1.50,1.01
2012.11.09 13:14:59.538,7.30137,7.30246,1.50,1.20
2012.11.09 13:14:59.598,7.30137,7.30233,1.50,1.06
2012.11.09 13:14:59.717,7.30148,7.30246,1.50,1.32
2012.11.09 13:14:59.777,7.30134,7.30246,1.50,1.32
2012.11.09 13:15:00.466,7.30134,7.30218,1.50,2.10
2012.11.09 13:15:00.845,7.30148,7.30193,1.50,1.15
2012.11.09 13:15:00.915,7.30081,7.30193,2.03,1.15
2012.11.09 13:15:01.470,7.30079,7.30193,1.50,1.15
2012.11.09 13:15:02.027,7.30079,7.30196,1.50,1.30
2012.11.09 13:15:02.626,7.30098,7.30192,1.50,1.13
2012.11.09 13:15:02.946,7.30122,7.30212,1.50,1.37
2012.11.09 13:15:04.253,7.30122,7.30213,1.50,1.14
2012.11.09 13:15:09.028,7.30136,7.30218,1.50,2.33
2012.11.09 13:15:09.348,7.30146,7.30218,1.50,2.33
2012.11.09 13:15:10.118,7.30146,7.30232,1.50,1.62
2012.11.09 13:15:10.356,7.3014,7.30232,1.50,1.62
2012.11.09 13:15:10.537,7.3014,7.30263,1.50,1.19
2012.11.09 13:15:10.777,7.3014,7.30264,1.73,2.36
2012.11.09 13:15:11.198,7.3014,7.30264,2.25,1.73
2012.11.09 13:15:11.677,7.30138,7.30245,1.13,1.50
2012.11.09 13:15:12.506,7.30138,7.30234,1.13,1.50
2012.11.09 13:15:13.038,7.3014,7.30234,1.68,1.50
2012.11.09 13:15:13.108,7.3014,7.30243,1.68,1.50
2012.11.09 13:15:15.550,7.3014,7.30243,1.29,1.50
2012.11.09 13:15:15.677,7.3014,7.30249,1.29,1.50
2012.11.09 13:15:16.277,7.30162,7.30273,1.50,1.48
2012.11.09 13:15:16.951,7.30178,7.30282,1.50,1.05
2012.11.09 13:15:18.157,7.30178,7.30273,1.50,1.20
2012.11.09 13:15:18.217,7.30148,7.30252,1.50,1.75
2012.11.09 13:15:18.406,7.30159,7.30252,1.50,1.38
2012.11.09 13:15:18.529,7.30149,7.30252,1.50,1.38
2012.11.09 13:15:18.661,7.30221,7.30252,1.50,1.38
2012.11.09 13:15:18.907,7.30259,7.30403,1.73,2.16
2012.11.09 13:15:19.027,7.30275,7.30412,1.73,1.34
2012.11.09 13:15:19.641,7.30275,7.30421,1.73,2.16
2012.11.09 13:15:19.967,7.30275,7.30393,1.73,1.03
2012.11.09 13:15:20.326,7.30243,7.30343,1.50,1.38
2012.11.09 13:15:20.627,7.30253,7.30363,1.50,1.31
2012.11.09 13:15:21.443,7.30243,7.30363,1.50,1.31
2012.11.09 13:15:21.796,7.30235,7.30359,1.50,2.29
2012.11.09 13:15:22.331,7.30235,7.30359,1.73,2.11
2012.11.09 13:15:22.398,7.30243,7.30363,1.50,1.17
2012.11.09 13:15:22.727,7.30253,7.30363,1.50,1.17
2012.11.09 13:15:23.218,7.30227,7.30311,1.22,1.50
2012.11.09 13:15:23.956,7.30227,7.30317,1.22,1.50
2012.11.09 13:15:24.016,7.30227,7.30297,1.22,1.50
2012.11.09 13:15:24.077,7.30208,7.30297,1.02,1.50
2012.11.09 13:15:24.292,7.3016,7.30286,1.50,1.50
2012.11.09 13:15:24.357,7.30137,7.30221,2.93,1.50
2012.11.09 13:15:24.536,7.3013,7.30221,2.18,1.50
2012.11.09 13:15:24.596,7.3013,7.30237,2.18,1.50
2012.11.09 13:15:24.977,7.30149,7.30273,1.50,1.50
2012.11.09 13:15:27.536,7.30192,7.30273,2.55,1.50
2012.11.09 13:15:27.861,7.30139,7.30262,2.70,1.50
2012.11.09 13:15:28.376,7.30158,7.30284,1.50,1.50
2012.11.09 13:15:28.857,7.3015,7.30276,1.50,1.50
2012.11.09 13:15:29.162,7.3015,7.30274,1.50,1.50
2012.11.09 13:15:30.676,7.3015,7.30274,2.25,1.50
2012.11.09 13:15:30.986,7.30149,7.30273,1.50,1.50
2012.11.09 13:15:31.046,7.30188,7.30273,2.18,1.50
2012.11.09 13:15:31.167,7.30149,7.30273,1.50,1.50
2012.11.09 13:15:31.896,7.30159,7.30283,1.50,2.11
2012.11.09 13:15:32.656,7.30149,7.30273,1.50,1.95
2012.11.09 13:15:33.567,7.30137,7.30261,2.36,1.50
2012.11.09 13:15:35.316,7.30128,7.30243,1.50,1.31
2012.11.09 13:15:35.497,7.30119,7.30243,1.50,1.31
2012.11.09 13:15:36.121,7.30119,7.30242,1.50,1.24
2012.11.09 13:15:37.148,7.30145,7.30242,1.50,1.24
2012.11.09 13:15:37.327,7.30135,7.30242,1.50,1.24
2012.11.09 13:15:37.887,7.30135,7.30243,1.50,1.24
2012.11.09 13:15:37.950,7.30152,7.30243,1.50,1.24
2012.11.09 13:15:38.081,7.30117,7.3023,1.50,1.55
2012.11.09 13:15:38.337,7.30117,7.30193,1.50,1.53
2012.11.09 13:15:39.091,7.30103,7.30193,1.50,1.53
2012.11.09 13:15:39.227,7.30103,7.30203,1.50,1.17
2012.11.09 13:15:42.039,7.30103,7.30202,1.50,1.35
2012.11.09 13:15:42.249,7.30111,7.30202,1.50,1.35
2012.11.09 13:15:49.340,7.30119,7.30202,1.50,1.42
2012.11.09 13:15:49.646,7.30114,7.30202,1.50,1.42
2012.11.09 13:15:49.767,7.30124,7.30202,1.50,1.42
2012.11.09 13:15:50.248,7.30124,7.30192,1.50,1.31
2012.11.09 13:15:52.598,7.30113,7.30192,1.50,1.15
2012.11.09 13:15:53.077,7.30113,7.30202,1.50,1.51
2012.11.09 13:15:53.358,7.30065,7.30191,2.00,1.73
2012.11.09 13:15:57.464,7.30063,7.30189,2.00,1.73
2012.11.09 13:15:57.626,7.30048,7.30172,2.40,1.50
2012.11.09 13:15:57.745,7.30059,7.30183,2.00,1.73
2012.11.09 13:16:03.868,7.30148,7.30209,3.10,1.08
2012.11.09 13:16:03.941,7.30144,7.30267,2.10,1.50
2012.11.09 13:16:04.007,7.30141,7.30267,1.50,1.73
2012.11.09 13:16:04.066,7.30158,7.30282,1.50,2.36
2012.11.09 13:16:04.986,7.30158,7.30282,1.50,2.58
2012.11.09 13:16:05.106,7.30149,7.30273,1.50,2.20
2012.11.09 13:16:05.692,7.30149,7.30273,1.50,2.18
2012.11.09 13:16:05.826,7.30126,7.30252,1.50,1.50
2012.11.09 13:16:06.667,7.30133,7.30252,1.50,1.73
2012.11.09 13:16:06.987,7.30218,7.30272,1.50,1.51
2012.11.09 13:16:07.109,7.30242,7.30357,1.73,1.73
2012.11.09 13:16:07.176,7.30309,7.30358,1.53,1.50
2012.11.09 13:16:07.426,7.30317,7.30389,1.53,1.58
2012.11.09 13:16:07.546,7.30343,7.30407,1.73,2.10
2012.11.09 13:16:07.666,7.30367,7.30407,1.50,2.10
2012.11.09 13:16:08.087,7.30318,7.30407,1.11,2.10
2012.11.09 13:16:08.466,7.30319,7.30445,1.98,2.48
2012.11.09 13:16:08.526,7.30318,7.30435,1.11,1.50
2012.11.09 13:16:08.827,7.30308,7.30413,1.47,1.50
2012.11.09 13:16:09.187,7.30308,7.30421,1.47,1.50
2012.11.09 13:16:09.247,7.30308,7.30429,1.47,1.50
2012.11.09 13:16:09.388,7.30308,7.30421,1.47,1.50
2012.11.09 13:16:09.727,7.30308,7.30404,1.47,1.50
2012.11.09 13:16:10.226,7.30308,7.30413,1.47,1.50
2012.11.09 13:16:10.727,7.30312,7.30436,1.98,1.73
2012.11.09 13:16:11.677,7.30306,7.3043,2.22,1.50
2012.11.09 13:16:11.737,7.30317,7.30441,1.98,1.73
2012.11.09 13:16:11.856,7.30305,7.30429,2.22,1.50
2012.11.09 13:16:12.371,7.30304,7.3043,2.22,1.88
2012.11.09 13:16:12.677,7.30305,7.30392,1.50,1.15
2012.11.09 13:16:12.737,7.30281,7.30392,1.50,1.15
2012.11.09 13:16:12.797,7.30273,7.30392,1.50,1.15
2012.11.09 13:16:13.036,7.30264,7.3039,1.73,2.25
2012.11.09 13:16:15.568,7.30278,7.30388,1.49,1.50
2012.11.09 13:16:15.868,7.30278,7.304,1.49,1.50
2012.11.09 13:16:15.987,7.30282,7.30408,2.34,1.73
2012.11.09 13:16:17.124,7.30282,7.30408,2.11,1.73
2012.11.09 13:16:18.626,7.30304,7.30413,1.50,1.20
2012.11.09 13:16:18.806,7.30265,7.30389,1.73,1.98
2012.11.09 13:16:19.331,7.30265,7.30389,1.73,2.16
2012.11.09 13:16:21.237,7.30248,7.30364,1.06,1.50
2012.11.09 13:16:23.691,7.30247,7.30364,1.02,1.50
2012.11.09 13:16:25.966,7.30248,7.30364,1.29,1.50
2012.11.09 13:16:32.438,7.30247,7.30364,1.02,1.50
2012.11.09 13:16:33.748,7.30258,7.30377,1.73,2.03
2012.11.09 13:16:33.867,7.30247,7.3034,1.02,1.50
2012.11.09 13:16:34.377,7.30214,7.3034,2.11,1.73
2012.11.09 13:16:35.067,7.30214,7.3034,2.34,1.73
2012.11.09 13:16:38.886,7.3021,7.30334,2.25,1.73
2012.11.09 13:16:45.429,7.30208,7.30334,2.11,1.73
2012.11.09 13:16:45.559,7.30207,7.30323,1.06,1.50
2012.11.09 13:16:45.688,7.30207,7.30333,2.56,1.73
2012.11.09 13:16:45.751,7.30207,7.30323,1.06,1.50
2012.11.09 13:16:45.877,7.30207,7.30331,2.56,1.50
2012.11.09 13:16:45.996,7.30207,7.30324,1.06,1.50
2012.11.09 13:16:46.390,7.30207,7.30331,2.56,1.50
2012.11.09 13:16:46.999,7.30207,7.30322,1.06,1.50
2012.11.09 13:16:48.857,7.30207,7.30323,1.11,1.50
2012.11.09 13:16:49.037,7.30199,7.30323,2.18,1.73
2012.11.09 13:16:50.637,7.30142,7.3025,2.63,1.50
2012.11.09 13:16:50.877,7.30092,7.30213,1.50,1.08
2012.11.09 13:16:51.227,7.30105,7.30213,1.50,1.08
2012.11.09 13:16:51.588,7.30103,7.30202,1.50,1.31
2012.11.09 13:16:51.946,7.30093,7.30193,1.50,1.40
2012.11.09 13:16:52.205,7.30084,7.30193,1.50,1.40
2012.11.09 13:16:53.057,7.30097,7.30203,1.50,1.22
2012.11.09 13:16:53.237,7.30082,7.30203,1.50,1.22
2012.11.09 13:16:53.666,7.3007,7.30196,1.50,2.43
2012.11.09 13:16:53.847,7.30082,7.30202,1.50,1.13
2012.11.09 13:16:53.907,7.30074,7.30198,1.73,2.16
2012.11.09 13:16:54.818,7.30086,7.30202,1.50,1.13
2012.11.09 13:16:55.067,7.3007,7.30194,1.73,2.16
2012.11.09 13:16:55.188,7.30108,7.30194,1.15,1.50
2012.11.09 13:16:55.939,7.30118,7.30194,1.10,1.50
2012.11.09 13:16:56.247,7.30177,7.30218,1.33,1.50
2012.11.09 13:16:56.308,7.30177,7.30218,1.33,1.50
2012.11.09 13:16:56.367,7.30177,7.30226,1.33,1.50
2012.11.09 13:16:56.427,7.30108,7.30226,1.50,2.47
2012.11.09 13:16:56.638,7.301,7.30226,2.25,2.47
2012.11.09 13:16:57.229,7.3011,7.30233,2.25,1.49
2012.11.09 13:16:57.543,7.30167,7.30216,1.33,1.50
2012.11.09 13:16:57.608,7.30097,7.30216,2.18,2.27
2012.11.09 13:16:58.112,7.30097,7.30216,2.18,2.07
2012.11.09 13:16:58.428,7.30107,7.30216,1.50,2.07
2012.11.09 13:16:58.607,7.30178,7.30284,1.20,2.25
2012.11.09 13:16:58.667,7.30178,7.30284,1.20,1.50
2012.11.09 13:16:58.726,7.30145,7.30204,2.40,1.73
2012.11.09 13:16:58.907,7.30099,7.30204,2.55,1.73
2012.11.09 13:16:59.706,7.30109,7.30215,1.50,2.25
2012.11.09 13:17:00.016,7.30142,7.30206,2.63,1.73
2012.11.09 13:17:00.197,7.30095,7.30206,3.08,1.73
2012.11.09 13:17:00.944,7.30168,7.30214,1.15,1.50
2012.11.09 13:17:01.366,7.30148,7.30214,1.50,2.13
2012.11.09 13:17:01.427,7.30093,7.30206,2.78,1.73
2012.11.09 13:17:01.607,7.30088,7.30214,2.02,2.13
2012.11.09 13:17:02.088,7.30088,7.30214,2.77,2.13
2012.11.09 13:17:02.176,7.30179,7.30303,2.07,3.23
2012.11.09 13:17:02.359,7.3018,7.30304,2.07,2.48
2012.11.09 13:17:02.601,7.30187,7.30304,1.20,2.25
2012.11.09 13:17:02.916,7.3019,7.30316,2.11,1.73
2012.11.09 13:17:03.417,7.3019,7.30308,2.11,1.50
2012.11.09 13:17:03.750,7.30168,7.30293,1.17,1.50
2012.11.09 13:17:04.057,7.30168,7.30291,1.17,1.50
2012.11.09 13:17:04.417,7.30218,7.30315,1.26,1.50
2012.11.09 13:17:04.720,7.30228,7.30323,1.11,1.50
2012.11.09 13:17:05.118,7.30217,7.30298,1.44,1.50
2012.11.09 13:17:05.358,7.30217,7.30309,1.44,1.50
2012.11.09 13:17:06.439,7.30217,7.30327,1.44,1.50
2012.11.09 13:17:06.560,7.30203,7.30327,1.73,2.09
2012.11.09 13:17:06.627,7.3018,7.30276,1.52,1.50
2012.11.09 13:17:06.759,7.30178,7.3028,1.08,1.50
2012.11.09 13:17:07.363,7.30187,7.3028,1.02,1.50
2012.11.09 13:17:07.636,7.30187,7.30272,1.02,1.50
2012.11.09 13:17:08.788,7.30187,7.30263,1.02,1.50
2012.11.09 13:17:09.311,7.30188,7.30263,1.29,1.50
2012.11.09 13:17:09.999,7.30188,7.30248,1.29,1.50
2012.11.09 13:17:10.739,7.30188,7.30256,1.29,1.50
2012.11.09 13:17:11.248,7.30187,7.30256,1.38,1.50
2012.11.09 13:17:11.727,7.30187,7.30271,1.38,1.50
2012.11.09 13:17:12.396,7.30228,7.30281,1.49,1.50
2012.11.09 13:17:14.318,7.30218,7.30291,1.33,1.50
2012.11.09 13:17:15.312,7.30227,7.30291,1.24,1.50
2012.11.09 13:17:15.957,7.30227,7.30303,1.24,1.50
2012.11.09 13:17:18.772,7.30218,7.30303,1.35,1.50
2012.11.09 13:17:19.926,7.30227,7.30303,1.02,1.50
2012.11.09 13:17:25.496,7.30227,7.30295,1.04,1.50
2012.11.09 13:17:28.571,7.30227,7.30287,1.38,1.50
2012.11.09 13:17:29.232,7.30227,7.30274,1.38,1.50
2012.11.09 13:17:30.497,7.30228,7.30274,1.42,1.50
2012.11.09 13:17:32.377,7.30228,7.30299,1.42,1.50
2012.11.09 13:17:32.557,7.30228,7.30259,1.42,1.50
2012.11.09 13:17:32.738,7.30199,7.30214,2.33,1.50
2012.11.09 13:17:32.857,7.30141,7.30214,1.95,1.50
2012.11.09 13:17:33.276,7.30141,7.30165,1.95,1.50
2012.11.09 13:17:33.338,7.30018,7.30141,1.58,1.50
2012.11.09 13:17:33.518,7.30018,7.30137,1.58,1.50
2012.11.09 13:17:33.757,7.30017,7.30124,1.20,1.50
2012.11.09 13:17:33.817,7.30017,7.30111,1.20,1.50
2012.11.09 13:17:34.889,7.30027,7.30111,1.22,1.50
2012.11.09 13:17:35.197,7.30088,7.30134,1.15,1.50
2012.11.09 13:17:35.259,7.30088,7.30174,1.15,1.50
2012.11.09 13:17:35.328,7.30088,7.30134,1.15,1.50
2012.11.09 13:17:38.897,7.30097,7.30143,1.17,1.50
2012.11.09 13:17:38.967,7.30097,7.30149,1.17,1.50
2012.11.09 13:17:40.767,7.30094,7.30173,1.37,1.50
2012.11.09 13:17:40.828,7.30128,7.30175,1.20,1.50
2012.11.09 13:17:42.030,7.30127,7.30175,1.40,1.50
2012.11.09 13:17:42.916,7.30127,7.30183,1.40,1.50
2012.11.09 13:17:43.156,7.30127,7.30184,1.15,1.50
2012.11.09 13:17:44.237,7.30127,7.30183,1.06,1.50
2012.11.09 13:17:44.296,7.30127,7.30178,1.06,1.50
2012.11.09 13:17:44.597,7.30137,7.30181,1.26,1.50
2012.11.09 13:17:44.716,7.30137,7.30185,1.26,1.50
2012.11.09 13:17:46.997,7.30137,7.30209,1.28,1.50
2012.11.09 13:17:47.057,7.30187,7.30255,1.02,1.50
2012.11.09 13:17:47.417,7.30167,7.30224,1.53,1.50
2012.11.09 13:17:47.477,7.30168,7.30224,1.04,1.50
2012.11.09 13:17:49.208,7.30168,7.30249,1.04,1.50
2012.11.09 13:17:49.267,7.30178,7.30265,1.14,1.50
2012.11.09 13:17:49.329,7.30217,7.30265,1.02,1.50
2012.11.09 13:17:49.697,7.30218,7.30265,1.40,1.50
2012.11.09 13:17:49.757,7.30218,7.30275,1.40,1.50
2012.11.09 13:17:51.527,7.3022,7.30304,1.23,1.50
2012.11.09 13:17:51.777,7.30248,7.30304,1.02,1.50
2012.11.09 13:17:52.297,7.30247,7.30304,1.08,1.50
2012.11.09 13:17:54.016,7.30248,7.30304,1.08,1.50
2012.11.09 13:17:54.528,7.30247,7.30304,1.35,1.50
2012.11.09 13:17:59.826,7.30248,7.30304,1.13,1.50
2012.11.09 13:18:06.267,7.30247,7.30304,1.20,1.50
2012.11.09 13:18:10.548,7.30247,7.30328,1.24,1.50
2012.11.09 13:18:10.833,7.30247,7.30332,1.24,1.50
2012.11.09 13:18:14.667,7.30248,7.30332,1.08,1.50
2012.11.09 13:18:16.226,7.30248,7.30339,1.08,1.88
2012.11.09 13:18:16.287,7.30235,7.30287,1.40,1.50
2012.11.09 13:18:16.347,7.30212,7.30256,1.65,1.50
2012.11.09 13:18:16.469,7.30238,7.3037,1.47,1.80
2012.11.09 13:18:16.537,7.30238,7.30373,1.47,1.50
2012.11.09 13:18:16.656,7.30227,7.30333,2.25,1.06
2012.11.09 13:18:16.957,7.30177,7.30254,3.14,1.50
2012.11.09 13:18:18.575,7.30174,7.30234,2.40,1.50
2012.11.09 13:18:18.638,7.3017,7.30234,2.85,1.50
2012.11.09 13:18:19.347,7.30168,7.30234,2.03,1.50
2012.11.09 13:18:19.406,7.30178,7.30235,1.52,1.50
2012.11.09 13:18:20.917,7.30168,7.30279,1.06,1.50
2012.11.09 13:18:20.977,7.30197,7.30279,1.40,1.50
2012.11.09 13:18:21.293,7.30218,7.30289,1.08,1.50
2012.11.09 13:18:21.596,7.30228,7.30289,1.17,1.50
2012.11.09 13:18:21.657,7.30228,7.30299,1.17,1.50
2012.11.09 13:18:24.457,7.30228,7.30299,1.31,1.50
2012.11.09 13:18:26.418,7.30227,7.30299,1.22,1.50
2012.11.09 13:18:28.437,7.30238,7.30323,1.04,1.50
2012.11.09 13:18:28.557,7.30248,7.30324,1.24,1.50
2012.11.09 13:18:30.651,7.30247,7.30324,1.15,1.50
2012.11.09 13:18:32.827,7.3024,7.30324,1.63,1.50
2012.11.09 13:18:34.237,7.30238,7.30304,1.40,1.50
2012.11.09 13:18:34.297,7.30237,7.30304,1.13,1.50
2012.11.09 13:18:35.058,7.30238,7.30304,1.47,1.50
2012.11.09 13:18:37.314,7.30237,7.30304,1.26,1.50
2012.11.09 13:18:42.354,7.30228,7.30304,1.35,1.50
2012.11.09 13:18:45.739,7.30227,7.30304,1.17,1.50
2012.11.09 13:18:46.987,7.3018,7.30258,3.08,1.50
2012.11.09 13:18:47.347,7.30177,7.3024,1.45,1.50
2012.11.09 13:18:47.749,7.30173,7.30239,2.48,1.50
2012.11.09 13:18:47.807,7.3017,7.30239,1.95,1.50
2012.11.09 13:18:49.168,7.3017,7.30233,1.95,1.50
2012.11.09 13:18:49.939,7.30153,7.30228,1.63,1.50
2012.11.09 13:18:50.487,7.30167,7.30228,1.20,1.50
2012.11.09 13:18:50.548,7.30167,7.30239,1.20,1.50
2012.11.09 13:18:52.607,7.30177,7.30254,1.06,1.50
2012.11.09 13:18:53.826,7.30188,7.30254,1.15,1.50
2012.11.09 13:18:54.367,7.30177,7.30254,1.26,1.50
2012.11.09 13:18:54.486,7.30174,7.30254,1.70,1.50
2012.11.09 13:19:04.849,7.30177,7.30254,1.13,1.50
2012.11.09 13:19:05.188,7.30177,7.30269,1.13,1.50
2012.11.09 13:19:05.308,7.30188,7.30269,1.53,1.50
2012.11.09 13:19:07.497,7.30197,7.30269,1.02,1.50
2012.11.09 13:19:11.407,7.30198,7.30279,1.54,1.50
2012.11.09 13:19:11.527,7.30208,7.30279,1.33,1.50
2012.11.09 13:19:13.728,7.30208,7.30302,1.37,1.50
2012.11.09 13:19:13.787,7.30208,7.30323,1.37,1.50
2012.11.09 13:19:13.906,7.30237,7.30323,1.08,1.50
2012.11.09 13:19:14.027,7.30228,7.30323,1.04,1.50
2012.11.09 13:19:14.773,7.30227,7.30323,1.15,1.50
2012.11.09 13:19:15.008,7.30237,7.30323,1.15,1.50
2012.11.09 13:19:16.940,7.30238,7.30323,1.08,1.50
2012.11.09 13:19:18.507,7.30231,7.30323,1.47,1.50
2012.11.09 13:19:19.128,7.30228,7.30323,1.47,1.50
2012.11.09 13:19:19.736,7.30238,7.30323,1.04,1.50
2012.11.09 13:19:21.270,7.30237,7.30323,1.13,1.50
2012.11.09 13:19:22.197,7.30237,7.30304,1.13,1.50
2012.11.09 13:19:22.437,7.30237,7.30323,1.13,1.50
2012.11.09 13:19:22.679,7.30228,7.30323,1.17,1.50
2012.11.09 13:19:22.810,7.30207,7.30323,1.20,1.50
2012.11.09 13:19:23.699,7.30218,7.30323,1.04,1.50
2012.11.09 13:19:24.431,7.30219,7.30323,1.59,1.50
2012.11.09 13:19:27.740,7.30225,7.30323,1.63,1.50
2012.11.09 13:19:31.591,7.30198,7.30283,2.70,1.38
2012.11.09 13:19:31.717,7.3016,7.30263,2.33,2.00
2012.11.09 13:19:32.327,7.3016,7.30263,2.33,2.36
2012.11.09 13:19:33.077,7.3016,7.30228,2.33,1.50
2012.11.09 13:19:33.379,7.3016,7.30216,2.33,1.50
2012.11.09 13:19:33.717,7.3016,7.30205,2.33,1.50
2012.11.09 13:19:34.028,7.30154,7.3018,2.48,1.50
2012.11.09 13:19:34.269,7.30128,7.3018,1.27,1.50
2012.11.09 13:19:34.330,7.30123,7.3018,2.63,1.50
2012.11.09 13:19:37.477,7.30119,7.3018,2.55,1.50
2012.11.09 13:19:39.767,7.30118,7.3018,1.25,1.50
2012.11.09 13:19:40.377,7.30112,7.3018,2.40,1.50
2012.11.09 13:19:41.008,7.30119,7.30205,1.95,1.50
2012.11.09 13:19:41.067,7.30119,7.30213,1.95,1.50
2012.11.09 13:19:41.249,7.30129,7.30213,1.74,1.50
2012.11.09 13:19:41.367,7.30129,7.30224,1.74,1.50
2012.11.09 13:19:41.426,7.30129,7.30216,1.74,1.50
2012.11.09 13:19:41.549,7.30129,7.30225,1.74,1.50
2012.11.09 13:19:41.950,7.30129,7.30225,1.30,1.50
2012.11.09 13:19:42.768,7.30149,7.30225,1.08,1.50
2012.11.09 13:19:43.092,7.30149,7.30225,1.36,1.50
2012.11.09 13:19:43.598,7.30147,7.30226,1.06,1.50
2012.11.09 13:19:45.297,7.3014,7.30226,1.63,1.50
2012.11.09 13:19:45.723,7.3014,7.30236,1.63,1.50
2012.11.09 13:19:45.848,7.3014,7.30224,1.63,1.50
2012.11.09 13:19:46.897,7.3014,7.30233,1.63,1.50
2012.11.09 13:19:48.568,7.3014,7.30241,1.68,1.50
2012.11.09 13:19:48.629,7.3014,7.30251,1.68,1.50
2012.11.09 13:19:48.927,7.3014,7.30259,1.68,1.50
2012.11.09 13:19:49.857,7.3014,7.30259,1.72,1.50
2012.11.09 13:19:49.977,7.3014,7.30244,1.41,1.50
2012.11.09 13:19:50.037,7.3014,7.30255,1.41,1.50
2012.11.09 13:19:50.558,7.30124,7.30247,1.56,1.50
2012.11.09 13:19:51.984,7.30122,7.30244,1.56,1.50
2012.11.09 13:19:52.487,7.30122,7.30244,1.70,1.50
2012.11.09 13:19:53.867,7.3013,7.30256,2.09,1.73
2012.11.09 13:19:54.884,7.3013,7.30256,2.36,1.50
2012.11.09 13:19:58.288,7.30157,7.30256,2.33,1.50
2012.11.09 13:19:58.807,7.30156,7.30256,3.08,1.50
2012.11.09 13:20:00.019,7.30155,7.30256,2.18,1.50
2012.11.09 13:20:03.857,7.30155,7.30246,2.18,1.50
2012.11.09 13:20:04.660,7.30155,7.30257,2.18,1.50
2012.11.09 13:20:06.357,7.30155,7.30248,2.18,1.50
2012.11.09 13:20:10.010,7.30155,7.30258,1.95,1.73
2012.11.09 13:20:10.138,7.30154,7.30244,2.70,1.50
2012.11.09 13:20:10.258,7.30154,7.30253,2.70,1.73
2012.11.09 13:20:10.318,7.3017,7.30253,2.70,1.50
2012.11.09 13:20:12.909,7.3017,7.30263,2.70,1.50
2012.11.09 13:20:14.280,7.3017,7.3025,2.70,1.50
2012.11.09 13:20:18.998,7.30157,7.3025,1.63,1.50
2012.11.09 13:20:21.928,7.30158,7.3025,1.38,1.50
2012.11.09 13:20:24.707,7.30148,7.3025,2.40,1.73
2012.11.09 13:20:24.827,7.30148,7.30242,2.40,1.35
2012.11.09 13:20:24.948,7.30144,7.30242,1.50,1.35
2012.11.09 13:20:25.067,7.3012,7.30242,2.25,1.35
2012.11.09 13:20:25.128,7.3012,7.30242,1.50,1.35
2012.11.09 13:20:30.708,7.3012,7.30242,2.25,1.31
2012.11.09 13:20:30.767,7.30128,7.30246,1.58,1.50
2012.11.09 13:20:30.826,7.30209,7.3033,1.50,2.03
2012.11.09 13:20:31.066,7.30176,7.30297,2.85,1.50
2012.11.09 13:20:31.367,7.30147,7.30271,2.25,1.50
2012.11.09 13:20:32.530,7.30154,7.3028,1.50,1.50
2012.11.09 13:20:33.183,7.30154,7.3028,2.25,1.50
2012.11.09 13:20:53.282,7.30159,7.30283,1.50,1.73
2012.11.09 13:20:57.327,7.30166,7.30292,1.50,1.73
2012.11.09 13:20:59.947,7.30175,7.30299,1.50,2.16
2012.11.09 13:21:04.828,7.30182,7.30303,1.50,1.40
2012.11.09 13:21:05.159,7.30182,7.30303,2.25,1.40
2012.11.09 13:21:05.706,7.30182,7.30302,2.25,1.44
2012.11.09 13:21:07.798,7.30195,7.30302,1.50,1.33
2012.11.09 13:21:12.816,7.30195,7.30303,1.50,1.06
2012.11.09 13:21:15.022,7.30195,7.30312,1.50,1.44
2012.11.09 13:21:24.321,7.30195,7.30303,1.50,1.20
2012.11.09 13:21:28.077,7.30194,7.30303,1.50,1.17
2012.11.09 13:21:28.637,7.30194,7.30312,1.50,1.58
2012.11.09 13:21:48.379,7.30199,7.30302,1.50,1.11
2012.11.09 13:21:56.367,7.30199,7.30303,1.50,1.15
2012.11.09 13:22:01.529,7.30199,7.30312,1.50,1.27
2012.11.09 13:22:02.545,7.30199,7.30313,1.50,1.55
2012.11.09 13:22:04.139,7.30199,7.30302,1.50,1.30
2012.11.09 13:22:06.006,7.30199,7.30303,1.50,1.28
2012.11.09 13:22:08.563,7.30199,7.30302,1.50,1.22
2012.11.09 13:22:10.632,7.30199,7.30303,1.50,1.11
2012.11.09 13:22:12.847,7.30199,7.30302,2.25,1.11
2012.11.09 13:22:17.486,7.30199,7.30303,2.25,1.24
2012.11.09 13:22:21.571,7.30207,7.30313,1.50,1.14
2012.11.09 13:22:28.285,7.30207,7.30312,1.50,1.22
2012.11.09 13:22:32.628,7.30207,7.30303,1.50,1.40
2012.11.09 13:22:36.779,7.30207,7.30302,1.50,1.24
2012.11.09 13:22:38.246,7.302,7.30302,1.50,1.24
2012.11.09 13:22:38.902,7.302,7.30303,1.50,1.49
2012.11.09 13:22:43.448,7.302,7.30312,1.50,1.22
2012.11.09 13:22:49.459,7.3021,7.30302,1.50,1.40
2012.11.09 13:22:56.687,7.3021,7.30292,1.50,1.02
2012.11.09 13:22:56.806,7.30201,7.30292,1.50,1.02
2012.11.09 13:22:58.701,7.30201,7.30293,1.50,1.06
2012.11.09 13:23:00.948,7.30201,7.30292,1.50,1.20
2012.11.09 13:23:03.401,7.30201,7.30293,1.50,1.17
2012.11.09 13:23:07.778,7.30201,7.30292,1.50,1.35
2012.11.09 13:23:14.507,7.30201,7.30293,1.50,1.13
2012.11.09 13:23:14.766,7.30186,7.30293,1.50,1.13
2012.11.09 13:23:20.987,7.30172,7.30286,2.40,2.31
2012.11.09 13:23:23.337,7.30172,7.30295,2.40,2.36
2012.11.09 13:23:23.518,7.30214,7.30302,2.48,1.24
2012.11.09 13:23:23.637,7.30214,7.30327,2.48,2.00
2012.11.09 13:23:23.762,7.30214,7.30309,2.48,1.50
2012.11.09 13:23:23.887,7.30217,7.3034,2.48,1.73
2012.11.09 13:23:23.947,7.30216,7.3034,2.25,1.73
2012.11.09 13:23:24.067,7.30216,7.3034,2.25,1.73
2012.11.09 13:23:24.607,7.3022,7.30342,2.25,1.06
2012.11.09 13:23:25.158,7.3022,7.30342,1.50,1.06
2012.11.09 13:23:26.778,7.30231,7.30342,1.50,1.35
2012.11.09 13:23:27.077,7.30221,7.30342,1.50,1.35
2012.11.09 13:23:27.267,7.30232,7.30342,1.50,1.35
2012.11.09 13:23:28.038,7.30242,7.30342,1.50,1.17
2012.11.09 13:23:29.739,7.30242,7.30343,1.50,1.17
2012.11.09 13:23:30.147,7.3023,7.30343,1.50,1.17
2012.11.09 13:23:36.367,7.3023,7.30342,1.50,1.22
2012.11.09 13:23:38.415,7.3023,7.30353,1.50,1.24
2012.11.09 13:23:40.850,7.3023,7.30352,1.50,1.08
2012.11.09 13:23:40.981,7.30219,7.30345,1.50,2.36
2012.11.09 13:23:41.960,7.30227,7.30352,1.50,1.08
2012.11.09 13:23:42.179,7.30227,7.30353,1.50,2.90
2012.11.09 13:23:43.419,7.30227,7.30342,1.50,1.20
2012.11.09 13:23:46.961,7.30227,7.30343,1.50,1.02
2012.11.09 13:23:49.737,7.30217,7.30343,1.50,2.49
2012.11.09 13:23:53.609,7.30227,7.30343,1.50,1.06
2012.11.09 13:23:55.376,7.30227,7.30351,1.50,2.49
2012.11.09 13:23:58.099,7.30227,7.30343,1.50,1.18
2012.11.09 13:24:02.628,7.30227,7.30342,1.50,1.29
2012.11.09 13:24:04.730,7.30227,7.30351,1.50,2.31
2012.11.09 13:24:08.925,7.30235,7.30343,1.50,1.08
2012.11.09 13:24:09.226,7.30256,7.30343,1.50,1.40
2012.11.09 13:24:09.815,7.30267,7.30343,1.50,1.40
2012.11.09 13:24:15.752,7.30267,7.30352,1.50,1.29
2012.11.09 13:24:17.738,7.30267,7.30343,1.50,1.29
2012.11.09 13:24:30.378,7.30262,7.30352,1.50,1.33
2012.11.09 13:24:33.528,7.30262,7.30343,1.50,1.06
2012.11.09 13:24:39.874,7.30262,7.30352,1.50,1.35
2012.11.09 13:24:43.656,7.30263,7.30342,1.50,1.24
2012.11.09 13:24:44.369,7.30245,7.30352,1.50,1.31
2012.11.09 13:24:45.684,7.30256,7.30352,1.50,1.31
2012.11.09 13:24:48.815,7.30256,7.30353,1.50,1.22
2012.11.09 13:24:50.367,7.3024,7.30353,1.50,1.22
2012.11.09 13:24:50.487,7.30252,7.30353,1.50,1.22
2012.11.09 13:24:50.609,7.30252,7.30353,1.50,1.13
2012.11.09 13:24:50.666,7.30262,7.30353,1.50,1.13
2012.11.09 13:24:52.898,7.30262,7.30362,1.50,1.15
2012.11.09 13:24:54.506,7.30244,7.30362,1.50,1.15
2012.11.09 13:24:54.697,7.30256,7.30362,1.50,1.15
2012.11.09 13:24:55.466,7.30256,7.30353,1.50,1.06
2012.11.09 13:25:10.713,7.30256,7.30352,1.50,1.11
2012.11.09 13:25:12.907,7.30256,7.30353,1.50,1.22
2012.11.09 13:25:14.799,7.30251,7.30353,1.50,1.22
2012.11.09 13:25:15.139,7.30239,7.30353,1.50,1.49
2012.11.09 13:25:17.317,7.3025,7.30363,1.50,1.51
2012.11.09 13:25:19.758,7.3024,7.30363,1.50,1.44
2012.11.09 13:25:21.329,7.30249,7.30363,1.50,1.44
2012.11.09 13:25:21.977,7.30257,7.30363,1.50,1.38
2012.11.09 13:25:23.749,7.30257,7.30362,1.50,1.15
2012.11.09 13:25:28.307,7.30257,7.30353,1.50,1.13
2012.11.09 13:25:33.292,7.30248,7.30353,1.50,1.24
2012.11.09 13:25:34.378,7.30248,7.30352,1.50,1.33
2012.11.09 13:25:36.508,7.30248,7.30363,1.50,1.49
2012.11.09 13:25:38.583,7.30248,7.30352,1.50,1.40
2012.11.09 13:25:40.823,7.30248,7.30363,1.50,1.51
2012.11.09 13:25:47.247,7.30248,7.30362,1.50,1.20
2012.11.09 13:25:47.766,7.30236,7.30362,1.50,2.70
2012.11.09 13:25:48.367,7.30227,7.30353,1.50,2.47
2012.11.09 13:25:48.648,7.30227,7.30343,1.50,1.06
2012.11.09 13:25:49.248,7.30213,7.30339,2.25,2.16
2012.11.09 13:25:49.311,7.3023,7.30352,1.50,1.02
2012.11.09 13:25:50.247,7.30237,7.30352,1.50,1.02
2012.11.09 13:25:51.378,7.30246,7.30352,1.50,1.02
2012.11.09 13:25:51.928,7.30246,7.30353,1.50,1.11
2012.11.09 13:25:53.008,7.30256,7.30353,1.50,1.11
2012.11.09 13:25:53.069,7.30233,7.30342,1.50,1.08
2012.11.09 13:25:53.128,7.30225,7.30342,2.25,1.08
2012.11.09 13:25:53.188,7.30225,7.30342,1.50,1.08
2012.11.09 13:25:53.247,7.30256,7.30342,1.50,1.08
2012.11.09 13:25:53.307,7.30233,7.30339,1.50,2.02
2012.11.09 13:25:53.367,7.30215,7.30339,1.50,2.02
2012.11.09 13:25:53.609,7.30202,7.30313,1.50,1.24
2012.11.09 13:25:54.652,7.30202,7.30312,1.50,1.29
2012.11.09 13:26:00.478,7.30202,7.30323,1.50,1.40
2012.11.09 13:26:03.007,7.30202,7.30312,1.50,1.26
2012.11.09 13:26:05.218,7.30202,7.30323,1.50,1.15
2012.11.09 13:26:12.052,7.30202,7.30322,1.50,1.33
2012.11.09 13:26:13.927,7.30201,7.30322,1.50,1.33
2012.11.09 13:26:14.522,7.30201,7.30313,1.50,1.20
2012.11.09 13:26:16.178,7.30201,7.30312,1.50,1.24
2012.11.09 13:26:18.269,7.30201,7.30313,1.50,1.22
2012.11.09 13:26:24.615,7.30201,7.30312,1.50,1.11
2012.11.09 13:26:26.930,7.30201,7.30313,1.50,1.02
2012.11.09 13:26:30.477,7.30177,7.3028,1.50,1.50
2012.11.09 13:26:30.537,7.30154,7.3028,3.38,1.50
2012.11.09 13:26:39.511,7.30173,7.30299,1.50,1.73
2012.11.09 13:26:39.577,7.30196,7.30312,1.50,1.22
2012.11.09 13:26:41.508,7.30196,7.3032,1.50,2.18
2012.11.09 13:26:47.890,7.30196,7.30312,1.50,1.15
2012.11.09 13:26:52.201,7.30196,7.30313,1.50,1.08
2012.11.09 13:26:53.827,7.30187,7.30313,1.50,2.58
2012.11.09 13:26:54.358,7.30187,7.30312,1.50,1.11
2012.11.09 13:26:54.478,7.30213,7.30312,1.50,1.48
2012.11.09 13:26:54.539,7.30201,7.30312,1.50,1.48
2012.11.09 13:26:54.778,7.30172,7.30298,1.50,1.73
2012.11.09 13:26:54.959,7.30172,7.30288,1.50,1.50
2012.11.09 13:26:55.022,7.30139,7.30265,1.88,1.50
2012.11.09 13:26:55.091,7.30191,7.30288,1.50,1.50
2012.11.09 13:26:55.169,7.30191,7.30312,1.50,1.11
2012.11.09 13:26:55.236,7.302,7.30312,1.50,1.11
2012.11.09 13:26:58.567,7.302,7.30313,1.50,1.35
2012.11.09 13:27:00.853,7.30184,7.30308,1.50,2.31
2012.11.09 13:27:00.978,7.3016,7.30284,3.00,1.50
2012.11.09 13:27:01.037,7.3016,7.30284,3.00,2.22
2012.11.09 13:27:01.097,7.30149,7.30275,2.25,2.00
2012.11.09 13:27:01.157,7.30149,7.30275,1.50,2.00
2012.11.09 13:27:01.337,7.30149,7.30275,1.50,1.73
2012.11.09 13:27:04.428,7.30142,7.30266,1.50,1.50
2012.11.09 13:27:11.198,7.30141,7.30265,1.50,1.50
2012.11.09 13:27:11.563,7.30133,7.30257,1.50,1.50
2012.11.09 13:27:21.178,7.30152,7.30276,1.50,2.18
2012.11.09 13:27:21.369,7.30118,7.30242,2.25,1.50
2012.11.09 13:27:21.488,7.30148,7.30273,1.50,1.26
2012.11.09 13:27:21.727,7.3016,7.30286,1.50,1.50
2012.11.09 13:27:21.847,7.30174,7.30298,1.50,1.73
2012.11.09 13:27:23.343,7.30184,7.30308,1.50,2.31
2012.11.09 13:27:26.278,7.30184,7.30292,1.50,1.50
2012.11.09 13:27:26.338,7.30142,7.30268,2.25,1.50
2012.11.09 13:27:26.397,7.30162,7.30286,1.50,1.50
2012.11.09 13:27:26.518,7.30152,7.30276,1.50,1.50
2012.11.09 13:27:26.880,7.30152,7.30276,1.50,1.73
2012.11.09 13:27:29.629,7.30152,7.30276,1.50,1.73
2012.11.09 13:27:31.863,7.30152,7.30276,1.50,1.73
2012.11.09 13:27:33.965,7.30152,7.30276,1.50,1.73
2012.11.09 13:27:36.146,7.30152,7.30276,1.50,1.73
2012.11.09 13:27:36.757,7.3016,7.30284,1.50,2.25
2012.11.09 13:27:36.877,7.30135,7.30261,1.50,1.50
2012.11.09 13:27:36.997,7.30146,7.3027,1.50,1.50
2012.11.09 13:27:37.310,7.30138,7.30262,1.50,1.73
2012.11.09 13:27:41.927,7.30149,7.30282,1.50,1.35
2012.11.09 13:27:44.869,7.30149,7.30292,1.50,2.34
2012.11.09 13:27:46.768,7.30137,7.30285,1.50,2.34
2012.11.09 13:27:47.009,7.30137,7.30273,1.50,1.11
2012.11.09 13:27:47.310,7.30142,7.30273,1.50,1.11
2012.11.09 13:27:51.199,7.30142,7.30272,1.50,1.26
2012.11.09 13:27:53.310,7.30142,7.30273,1.50,1.11
2012.11.09 13:27:54.849,7.30142,7.30282,1.73,1.11
2012.11.09 13:27:56.709,7.30156,7.30282,1.50,1.53
2012.11.09 13:27:56.829,7.30132,7.30273,2.31,2.40
2012.11.09 13:28:00.287,7.30139,7.30283,2.20,1.13
2012.11.09 13:28:01.910,7.30139,7.30282,2.07,1.24
2012.11.09 13:28:04.038,7.30139,7.30283,2.18,1.22
2012.11.09 13:28:07.248,7.30161,7.30293,1.50,1.44
2012.11.09 13:28:07.367,7.30144,7.30289,1.95,2.47
2012.11.09 13:28:07.427,7.30147,7.30289,1.44,1.73
2012.11.09 13:28:08.337,7.30168,7.30307,1.13,2.02
2012.11.09 13:28:08.638,7.30159,7.30301,2.31,2.29
2012.11.09 13:28:08.878,7.30187,7.30319,1.22,1.73
2012.11.09 13:28:09.945,7.30204,7.30302,1.50,1.42
2012.11.09 13:28:10.013,7.30204,7.30342,2.02,1.13
2012.11.09 13:28:11.018,7.30194,7.30302,1.50,1.35
2012.11.09 13:28:11.078,7.30187,7.30302,1.50,1.35
2012.11.09 13:28:11.153,7.30168,7.30302,1.21,1.35
2012.11.09 13:28:11.289,7.30196,7.30302,1.50,1.35
2012.11.09 13:28:11.348,7.30198,7.30337,1.31,1.61
2012.11.09 13:28:12.250,7.3022,7.30302,1.50,1.33
2012.11.09 13:28:12.369,7.30167,7.30302,2.34,1.33
2012.11.09 13:28:12.488,7.30196,7.30302,1.50,1.33
2012.11.09 13:28:12.677,7.30197,7.30343,1.17,2.65
2012.11.09 13:28:13.299,7.30198,7.30338,1.26,1.26
2012.11.09 13:28:13.547,7.30164,7.30303,1.36,1.13
2012.11.09 13:28:13.667,7.30198,7.30307,1.22,1.50
2012.11.09 13:28:13.788,7.30198,7.30338,1.22,1.54
2012.11.09 13:28:14.778,7.30221,7.30332,1.50,1.17
2012.11.09 13:28:14.899,7.30164,7.30311,2.16,2.38
2012.11.09 13:28:14.958,7.30195,7.30313,1.50,1.51
2012.11.09 13:28:15.017,7.30197,7.30338,1.13,3.06
2012.11.09 13:28:15.969,7.30222,7.30303,1.50,1.08
2012.11.09 13:28:16.028,7.30198,7.30303,1.50,1.08
2012.11.09 13:28:16.088,7.30163,7.30303,3.08,1.08
2012.11.09 13:28:16.327,7.30196,7.30303,1.50,1.08
2012.11.09 13:28:16.557,7.30198,7.30342,1.04,1.49
2012.11.09 13:28:17.218,7.30196,7.30302,1.50,1.29
2012.11.09 13:28:17.398,7.30198,7.30312,1.51,1.50
2012.11.09 13:28:17.459,7.30198,7.30337,1.51,1.43
2012.11.09 13:28:18.428,7.30217,7.30303,1.50,1.26
2012.11.09 13:28:18.548,7.30171,7.30303,1.73,1.26
2012.11.09 13:28:18.727,7.30187,7.30314,1.22,1.50
2012.11.09 13:28:18.857,7.30196,7.30343,2.34,2.83
2012.11.09 13:28:19.667,7.30196,7.30342,2.27,1.35
2012.11.09 13:28:26.231,7.30196,7.30343,2.49,2.65
2012.11.09 13:28:27.279,7.30187,7.30318,1.22,1.50
2012.11.09 13:28:27.637,7.30187,7.30308,1.22,1.50
2012.11.09 13:28:28.738,7.30198,7.30308,1.35,1.50
2012.11.09 13:28:30.628,7.30187,7.30308,1.31,1.50
2012.11.09 13:28:35.113,7.30198,7.30308,1.11,1.50
2012.11.09 13:28:35.959,7.30198,7.30319,1.11,1.50
2012.11.09 13:28:36.138,7.30198,7.30312,1.11,1.50
2012.11.09 13:28:37.360,7.30197,7.30312,1.38,1.50
2012.11.09 13:28:38.260,7.30197,7.30309,1.38,1.50
2012.11.09 13:28:41.592,7.30198,7.30309,1.47,1.50
2012.11.09 13:28:48.198,7.30197,7.30309,1.26,1.50
2012.11.09 13:28:50.228,7.30233,7.30332,1.50,1.73
2012.11.09 13:28:50.538,7.30233,7.30359,2.11,1.73
2012.11.09 13:28:52.738,7.30233,7.30359,1.95,1.73
2012.11.09 13:28:54.328,7.30218,7.30335,1.24,1.50
2012.11.09 13:28:54.447,7.30225,7.30351,1.73,2.04
2012.11.09 13:28:55.000,7.30215,7.30341,2.09,1.73
2012.11.09 13:28:59.187,7.30215,7.30341,2.22,1.73
2012.11.09 13:29:00.729,7.30215,7.30341,1.50,1.50
2012.11.09 13:29:04.318,7.30205,7.30331,1.50,1.50
2012.11.09 13:29:04.620,7.30214,7.30338,1.50,1.50
2012.11.09 13:29:04.748,7.30202,7.30328,1.50,1.50
2012.11.09 13:29:09.790,7.30214,7.30352,1.50,1.50
2012.11.09 13:29:09.858,7.30214,7.30359,1.50,1.50
2012.11.09 13:29:10.700,7.30247,7.30377,1.50,1.58
2012.11.09 13:29:10.818,7.30192,7.30331,1.50,2.10
2012.11.09 13:29:10.880,7.30192,7.30331,1.50,1.50
2012.11.09 13:29:11.073,7.30198,7.30337,1.50,1.50
2012.11.09 13:29:11.408,7.3018,7.30314,1.50,1.50
2012.11.09 13:29:11.767,7.30175,7.30299,1.50,1.50
2012.11.09 13:29:14.297,7.30162,7.30288,1.50,1.50
2012.11.09 13:29:21.488,7.30182,7.30308,1.50,1.50
2012.11.09 13:29:21.808,7.30174,7.30298,1.50,1.50
2012.11.09 13:29:24.167,7.30182,7.30308,1.50,1.50
2012.11.09 13:29:24.287,7.30156,7.30282,1.50,1.50
2012.11.09 13:29:26.987,7.30137,7.30263,2.25,1.50
2012.11.09 13:29:27.308,7.30146,7.3027,1.50,1.50
2012.11.09 13:29:31.387,7.30157,7.30281,1.50,1.50
2012.11.09 13:29:31.508,7.30157,7.30283,1.50,1.50
2012.11.09 13:29:31.998,7.30143,7.30267,1.88,1.50
2012.11.09 13:29:32.062,7.30152,7.30278,1.50,1.50
2012.11.09 13:29:32.188,7.3016,7.30286,1.50,1.50
2012.11.09 13:29:32.739,7.30159,7.30285,1.50,1.50
2012.11.09 13:29:34.258,7.30167,7.30293,1.50,1.50
2012.11.09 13:29:54.268,7.30162,7.30288,1.50,1.50
2012.11.09 13:29:55.258,7.30139,7.30311,1.88,1.50
2012.11.09 13:29:55.599,7.30137,7.30343,1.13,2.10
2012.11.09 13:30:03.523,7.30177,7.30329,1.38,1.30
2012.11.09 13:30:05.160,7.30178,7.30322,1.08,1.04
2012.11.09 13:30:07.140,7.30177,7.30323,1.29,1.44
2012.11.09 13:30:09.360,7.30178,7.30329,1.02,1.37
2012.11.09 13:30:10.521,7.30178,7.30293,1.02,1.50
2012.11.09 13:30:13.750,7.30177,7.30293,1.06,1.50
2012.11.09 13:30:17.242,7.30175,7.30301,2.34,1.50
2012.11.09 13:30:18.849,7.30178,7.30301,1.04,1.50
2012.11.09 13:30:22.951,7.30168,7.30292,1.49,1.50
2012.11.09 13:30:23.608,7.30177,7.30292,1.22,1.50
2012.11.09 13:30:26.158,7.30178,7.30292,1.33,1.50
2012.11.09 13:30:28.453,7.30178,7.30303,1.42,1.73
2012.11.09 13:30:31.143,7.30177,7.30303,2.61,1.73
2012.11.09 13:30:33.340,7.30177,7.30303,2.45,1.73
2012.11.09 13:30:35.348,7.30177,7.30303,2.97,1.73
2012.11.09 13:30:44.107,7.30183,7.30309,2.36,1.73
2012.11.09 13:30:47.009,7.30191,7.30317,1.73,2.13
2012.11.09 13:30:49.586,7.30191,7.30317,1.73,2.16
2012.11.09 13:30:52.890,7.302,7.30322,1.50,1.20
2012.11.09 13:30:53.259,7.302,7.30326,2.16,1.73
2012.11.09 13:30:53.561,7.30234,7.30353,1.50,1.02
2012.11.09 13:30:54.204,7.30246,7.30353,1.50,1.02
2012.11.09 13:30:54.749,7.30246,7.30352,1.50,1.04
2012.11.09 13:30:54.930,7.30246,7.30343,1.50,1.17
2012.11.09 13:30:56.354,7.30246,7.30342,1.50,1.07
2012.11.09 13:30:57.549,7.30246,7.30322,1.50,1.26
2012.11.09 13:30:57.730,7.30221,7.30322,1.50,1.26
2012.11.09 13:30:57.858,7.302,7.30322,1.50,1.26
2012.11.09 13:31:00.472,7.302,7.30324,1.50,2.41
2012.11.09 13:31:03.292,7.30188,7.30314,1.73,2.28
2012.11.09 13:31:07.268,7.30177,7.30295,1.38,1.50
2012.11.09 13:31:07.447,7.3018,7.30306,2.07,1.73
2012.11.09 13:31:07.758,7.3018,7.30306,1.73,2.38
2012.11.09 13:31:10.121,7.3018,7.30306,1.73,2.16
2012.11.09 13:31:17.278,7.30193,7.30319,1.50,2.40
2012.11.09 13:31:17.407,7.30168,7.3029,1.22,1.50
2012.11.09 13:31:17.471,7.30166,7.3029,2.04,1.73
2012.11.09 13:31:20.189,7.30168,7.30292,1.73,1.73
2012.11.09 13:31:24.190,7.30168,7.30292,1.73,1.50
2012.11.09 13:31:25.198,7.30168,7.30292,1.73,1.73
2012.11.09 13:31:26.851,7.30168,7.30292,2.04,1.91
2012.11.09 13:31:28.008,7.30167,7.30293,1.73,2.18
2012.11.09 13:31:28.988,7.30159,7.30285,1.73,1.98
2012.11.09 13:31:30.678,7.30171,7.30297,1.50,2.36
2012.11.09 13:31:30.798,7.30158,7.30282,1.73,2.70
2012.11.09 13:31:32.929,7.30159,7.30285,1.50,2.36
2012.11.09 13:31:33.861,7.30151,7.30277,1.73,2.07
2012.11.09 13:31:37.850,7.30151,7.30277,1.73,1.99
2012.11.09 13:31:37.976,7.30151,7.30277,1.50,1.98
2012.11.09 13:31:38.237,7.30164,7.30283,1.50,1.13
2012.11.09 13:31:38.358,7.30139,7.30263,1.93,1.73
2012.11.09 13:31:38.479,7.30139,7.30263,1.50,2.20
2012.11.09 13:31:38.851,7.30141,7.30267,1.50,2.20
2012.11.09 13:31:39.196,7.30141,7.30267,1.73,2.25
2012.11.09 13:31:40.029,7.3015,7.30276,1.50,2.38
2012.11.09 13:31:41.899,7.3015,7.30276,1.50,2.47
2012.11.09 13:31:45.179,7.30139,7.30265,1.73,2.34
2012.11.09 13:31:46.671,7.30139,7.30265,1.65,2.38
2012.11.09 13:31:47.338,7.30151,7.30272,1.50,1.53
2012.11.09 13:31:47.906,7.30151,7.30273,1.50,1.26
2012.11.09 13:31:48.351,7.30151,7.30272,1.88,1.38
2012.11.09 13:31:48.659,7.30177,7.30272,1.50,1.38
2012.11.09 13:31:49.078,7.30164,7.30272,1.50,1.38
2012.11.09 13:31:49.139,7.30141,7.30267,3.60,2.34
2012.11.09 13:31:49.200,7.30141,7.30267,3.98,2.34
2012.11.09 13:31:49.380,7.30197,7.30315,1.07,1.50
2012.11.09 13:31:49.499,7.30198,7.30324,2.00,1.73
2012.11.09 13:31:49.618,7.30198,7.30324,2.10,2.22
2012.11.09 13:31:49.740,7.30198,7.30323,1.50,1.06
2012.11.09 13:31:50.099,7.30204,7.30323,1.50,1.06
2012.11.09 13:31:50.580,7.30204,7.3033,1.73,1.98
2012.11.09 13:31:51.230,7.30204,7.3033,1.73,2.09
2012.11.09 13:31:53.234,7.30213,7.30333,1.50,1.15
2012.11.09 13:31:54.899,7.30213,7.30337,1.50,2.22
2012.11.09 13:32:04.979,7.30213,7.30333,1.50,1.04
2012.11.09 13:32:07.294,7.30207,7.30333,1.73,2.47
2012.11.09 13:32:10.335,7.30207,7.30332,1.73,1.08
2012.11.09 13:32:14.534,7.30207,7.30333,1.73,2.63
2012.11.09 13:32:16.678,7.30207,7.30332,1.73,1.20
2012.11.09 13:32:18.867,7.30207,7.30333,1.73,2.49
2012.11.09 13:32:21.302,7.30207,7.30332,1.73,1.06
2012.11.09 13:32:24.050,7.30207,7.30333,1.73,2.56
2012.11.09 13:32:26.810,7.30217,7.30341,1.50,2.40
2012.11.09 13:32:28.493,7.30228,7.30333,1.50,1.29
2012.11.09 13:32:30.940,7.30228,7.30332,1.50,1.02
2012.11.09 13:32:31.229,7.30218,7.30332,1.50,1.02
2012.11.09 13:32:31.820,7.30228,7.30332,1.50,1.02
2012.11.09 13:32:32.738,7.30228,7.30333,1.50,1.06
2012.11.09 13:32:34.536,7.30228,7.30342,1.50,1.29
2012.11.09 13:32:36.889,7.30228,7.30333,1.50,1.02
2012.11.09 13:32:39.101,7.30236,7.30333,1.50,1.02
2012.11.09 13:32:39.875,7.30227,7.30333,1.50,1.22
2012.11.09 13:32:40.109,7.30227,7.30342,1.50,1.13
2012.11.09 13:32:41.190,7.30227,7.30343,1.50,1.24
2012.11.09 13:32:45.131,7.30218,7.30343,1.50,1.29
2012.11.09 13:32:45.200,7.30229,7.30343,1.50,1.29
2012.11.09 13:32:45.461,7.30213,7.30337,1.73,2.20
2012.11.09 13:32:45.710,7.30213,7.30332,1.50,1.13
2012.11.09 13:32:54.323,7.30213,7.30337,1.50,2.25
2012.11.09 13:32:57.978,7.30213,7.30337,1.50,2.17
2012.11.09 13:33:00.250,7.30213,7.30333,1.50,1.03
2012.11.09 13:33:02.549,7.30201,7.30327,1.73,2.00
2012.11.09 13:33:02.608,7.3021,7.30336,1.50,2.49
2012.11.09 13:33:02.792,7.3021,7.30336,1.73,2.34
2012.11.09 13:33:03.722,7.30224,7.30343,1.50,1.07
2012.11.09 13:33:04.547,7.30224,7.3035,1.50,2.36
2012.11.09 13:33:06.667,7.30224,7.3035,1.50,2.46
2012.11.09 13:33:14.438,7.30224,7.30333,1.50,1.13
2012.11.09 13:33:14.678,7.30208,7.30332,1.50,2.30
2012.11.09 13:33:17.308,7.30208,7.30332,1.73,2.63
2012.11.09 13:33:29.378,7.30219,7.30332,1.50,1.20
2012.11.09 13:33:29.802,7.30219,7.30343,1.50,2.79
2012.11.09 13:33:30.328,7.30207,7.30331,2.29,1.73
2012.11.09 13:33:30.517,7.3022,7.30343,1.50,1.29
2012.11.09 13:33:32.168,7.30234,7.30343,1.50,1.35
2012.11.09 13:33:32.837,7.30234,7.30342,1.50,1.13
2012.11.09 13:33:34.665,7.30252,7.30342,1.50,1.38
2012.11.09 13:33:35.398,7.30241,7.30342,1.50,1.38
2012.11.09 13:33:36.031,7.30254,7.30342,1.50,1.38
2012.11.09 13:33:36.543,7.30254,7.30353,1.50,1.13
2012.11.09 13:33:37.239,7.30246,7.30353,1.50,1.13
2012.11.09 13:33:38.771,7.30246,7.30352,1.50,1.04
2012.11.09 13:33:39.719,7.30245,7.30352,1.50,1.04
2012.11.09 13:33:40.686,7.30245,7.30353,1.50,1.15
2012.11.09 13:33:41.698,7.30253,7.30353,1.50,1.15
2012.11.09 13:33:42.787,7.30253,7.30342,1.50,1.29
2012.11.09 13:33:43.389,7.30253,7.30353,1.50,1.23
2012.11.09 13:33:43.709,7.30233,7.30353,1.50,1.23
2012.11.09 13:33:44.468,7.30233,7.30342,1.50,1.05
2012.11.09 13:33:45.089,7.30243,7.30342,1.50,1.05
2012.11.09 13:33:45.647,7.30233,7.30342,1.50,1.30
2012.11.09 13:33:50.303,7.30233,7.30333,1.50,1.20
2012.11.09 13:33:51.979,7.30233,7.30332,1.50,1.17
2012.11.09 13:33:52.824,7.30233,7.30333,1.50,1.17
2012.11.09 13:33:59.688,7.30222,7.30333,1.50,1.38
2012.11.09 13:33:59.749,7.30222,7.30343,1.50,1.02
2012.11.09 13:33:59.868,7.30231,7.30343,1.50,1.02
2012.11.09 13:34:09.593,7.30239,7.30343,1.50,1.29
2012.11.09 13:34:09.779,7.30231,7.30343,1.50,1.29
2012.11.09 13:34:09.838,7.30231,7.30342,1.50,1.51
2012.11.09 13:34:11.559,7.30231,7.30333,1.50,1.08
2012.11.09 13:34:13.676,7.30231,7.30332,1.50,1.13
2012.11.09 13:34:19.002,7.30231,7.30342,1.50,1.04
2012.11.09 13:34:20.392,7.30231,7.30332,1.50,1.22
2012.11.09 13:34:23.879,7.30218,7.30332,1.50,1.16
2012.11.09 13:34:27.879,7.30232,7.30332,1.50,1.10
2012.11.09 13:34:27.946,7.30222,7.30332,1.50,1.10
2012.11.09 13:34:28.068,7.30231,7.30343,1.50,1.47
2012.11.09 13:34:28.130,7.30231,7.30343,1.50,1.02
2012.11.09 13:34:28.888,7.30231,7.30333,1.50,1.38
2012.11.09 13:34:29.218,7.30222,7.30333,1.50,1.38
2012.11.09 13:34:29.338,7.30222,7.30343,1.50,1.08
2012.11.09 13:34:30.979,7.30213,7.30339,1.73,2.07
2012.11.09 13:34:31.690,7.30213,7.30339,1.73,1.93
2012.11.09 13:34:35.340,7.30198,7.30323,1.50,1.26
2012.11.09 13:34:35.457,7.30198,7.30324,1.73,2.31
2012.11.09 13:34:37.580,7.30198,7.30324,2.27,2.31
2012.11.09 13:34:42.091,7.30207,7.30331,1.73,1.95
2012.11.09 13:34:42.579,7.30215,7.30333,1.50,1.06
2012.11.09 13:34:42.819,7.30215,7.30339,1.73,2.13
2012.11.09 13:34:43.718,7.30215,7.30339,2.11,1.73
2012.11.09 13:34:46.566,7.30223,7.30347,1.73,2.02
2012.11.09 13:34:48.348,7.30213,7.30337,1.73,2.31
2012.11.09 13:34:50.889,7.30213,7.30337,1.73,2.31
2012.11.09 13:35:01.450,7.30213,7.30337,1.73,2.00
2012.11.09 13:35:07.737,7.30213,7.30337,1.73,1.98
2012.11.09 13:35:21.135,7.30209,7.30333,1.73,2.27
2012.11.09 13:35:23.378,7.30209,7.30333,1.73,2.38
2012.11.09 13:35:27.803,7.30209,7.30333,1.73,2.25
2012.11.09 13:35:30.115,7.3021,7.30336,1.73,2.16
2012.11.09 13:35:32.756,7.30207,7.30326,1.22,1.50
2012.11.09 13:35:33.428,7.30213,7.30337,1.73,2.34
2012.11.09 13:35:37.005,7.30213,7.30337,1.73,2.29
2012.11.09 13:35:38.821,7.30213,7.30337,1.73,2.00
2012.11.09 13:35:40.994,7.30213,7.30337,1.73,1.98
2012.11.09 13:35:45.440,7.30213,7.30337,1.73,2.29
2012.11.09 13:35:51.550,7.30213,7.30337,1.73,2.25
2012.11.09 13:36:03.728,7.3022,7.30343,1.50,1.22
2012.11.09 13:36:07.013,7.3022,7.30346,1.73,2.34
2012.11.09 13:36:07.621,7.3022,7.30343,1.50,1.35
2012.11.09 13:36:08.138,7.3022,7.30342,1.50,1.26
2012.11.09 13:36:09.442,7.30199,7.30325,2.07,1.73
2012.11.09 13:36:14.738,7.30198,7.30324,2.20,1.73
2012.11.09 13:36:17.969,7.30203,7.30329,2.31,1.50
2012.11.09 13:36:18.913,7.30207,7.30329,1.44,1.50
2012.11.09 13:36:21.078,7.30208,7.30329,1.06,1.50
2012.11.09 13:36:21.948,7.30203,7.30329,2.09,1.73
2012.11.09 13:36:22.009,7.30193,7.30319,2.34,1.50
2012.11.09 13:36:22.788,7.30194,7.30318,2.34,1.50
2012.11.09 13:36:22.854,7.30204,7.3033,2.09,1.73
2012.11.09 13:36:23.242,7.30198,7.30321,1.13,1.50
2012.11.09 13:36:23.488,7.30209,7.30335,2.09,1.73
2012.11.09 13:36:25.358,7.30255,7.30352,1.50,1.04
2012.11.09 13:36:25.660,7.30225,7.30349,1.73,1.54
2012.11.09 13:36:25.721,7.30228,7.30342,1.50,1.26
2012.11.09 13:36:29.899,7.30221,7.30342,1.50,1.31
2012.11.09 13:36:30.721,7.30221,7.30345,1.50,2.38
2012.11.09 13:36:32.276,7.30221,7.30342,1.50,1.04
2012.11.09 13:36:33.835,7.30211,7.30335,1.73,1.98
2012.11.09 13:36:36.719,7.3022,7.30346,1.50,2.36
2012.11.09 13:36:37.713,7.30234,7.30343,1.50,1.04
2012.11.09 13:36:38.202,7.30245,7.30343,1.50,1.04
2012.11.09 13:36:39.400,7.30236,7.30343,1.50,1.13
2012.11.09 13:36:41.189,7.30236,7.30342,1.50,1.08
2012.11.09 13:36:45.622,7.30236,7.30353,1.50,1.08
2012.11.09 13:36:47.832,7.30236,7.30342,1.50,1.24
2012.11.09 13:36:49.328,7.30224,7.30342,1.50,1.24
2012.11.09 13:36:50.029,7.30224,7.30343,1.50,1.26
2012.11.09 13:36:50.528,7.30211,7.30337,1.73,2.34
2012.11.09 13:36:52.639,7.30221,7.30343,1.50,1.26
2012.11.09 13:36:53.453,7.30221,7.30342,1.50,1.15
2012.11.09 13:36:57.448,7.30212,7.30336,1.73,2.27
2012.11.09 13:36:57.508,7.30212,7.30336,2.04,1.73
2012.11.09 13:36:58.618,7.30223,7.30343,1.50,1.33
2012.11.09 13:36:58.694,7.30223,7.30349,1.73,2.25
2012.11.09 13:36:58.942,7.30235,7.30352,1.50,1.15
2012.11.09 13:36:59.129,7.30215,7.30341,1.73,2.38
2012.11.09 13:37:02.692,7.30215,7.30341,1.73,2.11
2012.11.09 13:37:04.981,7.30215,7.30341,1.50,2.20
2012.11.09 13:37:05.989,7.30215,7.30341,1.73,2.02
2012.11.09 13:37:06.968,7.30215,7.30341,1.73,2.25
2012.11.09 13:37:10.209,7.30239,7.30343,1.50,1.15
2012.11.09 13:37:10.449,7.30246,7.30359,1.50,1.41
2012.11.09 13:37:10.569,7.30236,7.30359,1.73,1.41
2012.11.09 13:37:11.700,7.30217,7.30338,1.28,1.50
2012.11.09 13:37:11.879,7.30229,7.30355,1.73,2.16
2012.11.09 13:37:11.939,7.30246,7.30363,1.50,1.17
2012.11.09 13:37:11.999,7.30237,7.30361,1.73,2.16
2012.11.09 13:37:12.504,7.30237,7.30361,1.93,1.73
2012.11.09 13:37:13.066,7.30237,7.30361,2.26,1.73
2012.11.09 13:37:19.706,7.30237,7.30361,2.30,1.73
2012.11.09 13:37:24.185,7.30237,7.30361,2.34,1.73
2012.11.09 13:37:34.489,7.30241,7.30367,1.73,2.07
2012.11.09 13:37:45.002,7.30241,7.30367,1.73,2.34
2012.11.09 13:37:47.095,7.30241,7.30367,1.73,2.16
2012.11.09 13:37:49.276,7.30241,7.30367,1.73,2.29
2012.11.09 13:37:51.830,7.30241,7.30367,1.73,1.98
2012.11.09 13:37:53.849,7.30241,7.30367,1.73,2.25
2012.11.09 13:37:56.285,7.30241,7.30367,1.73,2.07
2012.11.09 13:38:03.391,7.30241,7.30367,1.73,2.11
2012.11.09 13:38:07.438,7.30228,7.3035,1.33,1.50
2012.11.09 13:38:08.224,7.30227,7.3035,1.15,1.50
2012.11.09 13:38:10.316,7.30228,7.3035,1.20,1.50
2012.11.09 13:38:12.939,7.30228,7.30347,1.04,1.50
2012.11.09 13:38:13.249,7.30238,7.3035,1.40,1.50
2012.11.09 13:38:13.313,7.30238,7.3035,1.13,1.50
2012.11.09 13:38:14.068,7.30238,7.30358,1.13,1.50
2012.11.09 13:38:14.188,7.30238,7.30356,1.13,1.50
2012.11.09 13:38:14.499,7.30247,7.30356,1.04,1.50
2012.11.09 13:38:14.566,7.30238,7.30356,1.20,1.50
2012.11.09 13:38:15.553,7.30237,7.30356,1.02,1.50
2012.11.09 13:38:16.238,7.30242,7.30368,2.22,1.73
2012.11.09 13:38:16.540,7.30248,7.30368,1.35,1.50
2012.11.09 13:38:17.426,7.30247,7.30368,1.26,1.50
2012.11.09 13:38:18.490,7.30251,7.30375,2.38,1.73
2012.11.09 13:38:19.200,7.3027,7.30393,1.50,1.02
2012.11.09 13:38:19.529,7.30283,7.30392,1.50,1.04
2012.11.09 13:38:20.619,7.30291,7.30392,1.50,1.04
2012.11.09 13:38:21.656,7.30291,7.30393,1.50,1.22
2012.11.09 13:38:23.468,7.30281,7.30393,1.50,1.22
2012.11.09 13:38:24.006,7.30281,7.30392,1.50,1.02
2012.11.09 13:38:27.961,7.30292,7.30392,1.50,1.17
2012.11.09 13:38:28.978,7.30284,7.30392,1.50,1.17
2012.11.09 13:38:29.098,7.30298,7.30392,1.50,1.17
2012.11.09 13:38:29.158,7.30283,7.30392,1.50,1.17
2012.11.09 13:38:29.309,7.30301,7.30392,1.50,1.17
2012.11.09 13:38:30.055,7.3031,7.30392,1.50,1.17
2012.11.09 13:38:33.380,7.30318,7.30402,1.50,1.58
2012.11.09 13:38:34.375,7.30333,7.30402,1.50,1.58
2012.11.09 13:38:35.055,7.30333,7.30403,1.50,1.49
2012.11.09 13:38:41.592,7.30333,7.30392,1.50,1.15
2012.11.09 13:38:43.470,7.30323,7.30392,1.50,1.15
2012.11.09 13:38:45.957,7.30323,7.30393,1.50,1.15
2012.11.09 13:38:48.072,7.30323,7.30392,1.50,1.31
2012.11.09 13:38:51.910,7.30316,7.30392,1.50,1.24
2012.11.09 13:38:54.442,7.30316,7.30393,1.50,1.13
2012.11.09 13:38:54.652,7.30328,7.30393,1.50,1.13
2012.11.09 13:38:58.281,7.30315,7.30393,1.50,1.13
2012.11.09 13:38:58.719,7.30331,7.30393,1.50,1.13
2012.11.09 13:38:59.841,7.30318,7.30403,1.50,1.06
2012.11.09 13:39:00.280,7.30301,7.30403,1.50,1.06
2012.11.09 13:39:03.490,7.30301,7.30382,1.50,1.41
2012.11.09 13:39:07.679,7.30292,7.30382,1.50,1.34
2012.11.09 13:39:10.088,7.303,7.30382,1.50,1.36
2012.11.09 13:39:11.269,7.30309,7.30382,1.50,1.36
2012.11.09 13:39:12.162,7.30309,7.30383,1.50,2.41
2012.11.09 13:39:15.149,7.3031,7.30393,1.50,1.31
2012.11.09 13:39:15.209,7.3031,7.30435,2.29,1.73
2012.11.09 13:39:15.449,7.30334,7.30452,1.50,1.20
2012.11.09 13:39:27.181,7.30334,7.30453,1.50,1.29
2012.11.09 13:39:32.118,7.30334,7.30452,1.50,1.13
2012.11.09 13:39:33.001,7.30383,7.30452,1.50,1.13
2012.11.09 13:39:33.070,7.30406,7.30502,1.50,1.88
2012.11.09 13:39:33.251,7.30414,7.30502,1.50,1.13
2012.11.09 13:39:33.804,7.30414,7.30513,1.50,1.53
2012.11.09 13:39:35.986,7.30414,7.30512,1.50,1.38
2012.11.09 13:39:38.010,7.30414,7.30503,1.50,1.17
2012.11.09 13:39:40.430,7.30403,7.30503,1.50,1.17
2012.11.09 13:39:41.059,7.30412,7.30503,1.50,1.17
2012.11.09 13:39:43.434,7.30412,7.30502,1.50,1.42
2012.11.09 13:39:45.181,7.30422,7.30502,1.50,1.42
2012.11.09 13:39:45.310,7.30414,7.30502,1.50,1.42
2012.11.09 13:39:45.430,7.30438,7.30502,1.50,1.42
2012.11.09 13:39:45.732,7.30447,7.30562,1.20,1.50
2012.11.09 13:39:46.079,7.30484,7.30587,1.50,1.73
2012.11.09 13:39:46.141,7.30477,7.30603,1.50,2.49
2012.11.09 13:39:46.510,7.30479,7.30603,1.50,2.49
2012.11.09 13:39:46.630,7.30491,7.30617,1.50,1.50
2012.11.09 13:39:46.689,7.305,7.30617,1.50,1.50
2012.11.09 13:39:46.749,7.30504,7.3063,1.50,1.50
2012.11.09 13:39:46.809,7.30513,7.30639,1.50,2.48
2012.11.09 13:39:47.190,7.30513,7.30638,1.50,1.65
2012.11.09 13:39:47.552,7.30513,7.30622,1.50,1.06
2012.11.09 13:39:48.108,7.30513,7.30623,1.50,1.38
2012.11.09 13:39:51.640,7.30504,7.30628,1.50,2.34
2012.11.09 13:39:52.339,7.30504,7.30622,1.50,1.08
2012.11.09 13:39:52.519,7.3049,7.30616,1.50,2.27
2012.11.09 13:39:52.769,7.30511,7.30622,1.50,1.08
2012.11.09 13:39:52.940,7.30487,7.30593,1.50,1.50
