2015.12.23 03:00:01.743,9.54333,9.55022,1.00,1.14
2015.12.23 03:00:02.453,9.54313,9.55023,1.57,1.18
2015.12.23 03:00:03.670,9.54333,9.55073,1.00,1.20
2015.12.23 03:00:03.863,9.54304,9.55073,1.57,1.20
2015.12.23 03:00:03.964,9.54329,9.55073,1.00,1.20
2015.12.23 03:00:04.884,9.54304,9.55073,2.32,1.20
2015.12.23 03:00:04.935,9.54339,9.55073,1.00,1.21
2015.12.23 03:00:05.725,9.54314,9.55073,2.32,1.19
2015.12.23 03:00:07.139,9.54339,9.55073,1.00,1.18
2015.12.23 03:00:08.348,9.54314,9.55073,2.32,1.20
2015.12.23 03:00:11.565,9.54338,9.55073,1.00,1.19
2015.12.23 03:00:18.308,9.54339,9.55,1.00,1.19
2015.12.23 03:00:18.458,9.54314,9.55,2.32,1.19
2015.12.23 03:00:20.356,9.54254,9.54953,2.70,1.18
2015.12.23 03:00:24.687,9.54248,9.54953,1.50,1.19
2015.12.23 03:00:26.079,9.54299,9.54953,1.00,1.18
2015.12.23 03:00:27.017,9.54304,9.54953,1.50,1.19
2015.12.23 03:00:27.367,9.54329,9.54953,1.00,1.17
2015.12.23 03:00:27.519,9.54244,9.54953,3.00,1.20
2015.12.23 03:00:28.502,9.54244,9.54953,2.25,1.19
2015.12.23 03:00:31.896,9.54234,9.54953,2.25,1.18
2015.12.23 03:00:32.433,9.54259,9.54953,1.45,1.20
2015.12.23 03:00:33.926,9.54299,9.54953,1.00,1.20
2015.12.23 03:00:34.690,9.54274,9.54953,2.40,1.19
2015.12.23 03:00:34.892,9.54319,9.54953,1.00,1.20
2015.12.23 03:00:35.692,9.54294,9.54953,2.32,1.18
2015.12.23 03:00:35.743,9.54304,9.54953,1.50,1.18
2015.12.23 03:00:36.044,9.54329,9.54953,1.00,1.19
2015.12.23 03:00:36.692,9.54304,9.54953,2.25,1.18
2015.12.23 03:00:36.794,9.54284,9.54953,1.07,1.18
2015.12.23 03:00:38.596,9.54264,9.54953,2.70,1.19
2015.12.23 03:00:39.124,9.54269,9.54953,1.15,1.20
2015.12.23 03:00:42.319,9.54299,9.54953,1.00,1.18
2015.12.23 03:00:43.018,9.54294,9.54953,1.57,1.21
2015.12.23 03:00:43.120,9.54319,9.54953,1.00,1.18
2015.12.23 03:00:44.020,9.54244,9.54953,2.25,1.19
2015.12.23 03:00:45.909,9.54254,9.54953,1.95,1.12
2015.12.23 03:00:46.028,9.54264,9.54953,1.95,1.19
2015.12.23 03:00:47.112,9.54294,9.54953,1.07,1.19
2015.12.23 03:00:47.482,9.54319,9.54953,1.00,1.21
2015.12.23 03:00:47.812,9.54294,9.54953,2.32,1.20
2015.12.23 03:00:59.983,9.54264,9.54953,1.95,1.21
2015.12.23 03:01:05.151,9.54263,9.54953,2.70,1.20
2015.12.23 03:01:27.138,9.54309,9.54953,1.00,1.19
2015.12.23 03:01:28.002,9.54293,9.54953,1.57,1.19
2015.12.23 03:01:28.103,9.54317,9.54953,1.00,1.18
2015.12.23 03:01:28.301,9.54294,9.54953,1.57,1.19
2015.12.23 03:01:28.380,9.54316,9.54953,1.00,1.18
2015.12.23 03:01:29.483,9.54294,9.54953,1.57,1.18
2015.12.23 03:01:30.886,9.54317,9.54953,1.00,1.20
2015.12.23 03:01:45.851,9.54294,9.54953,1.57,1.20
2015.12.23 03:01:46.332,9.54317,9.54953,1.00,1.17
2015.12.23 03:02:04.199,9.54329,9.54953,1.00,1.18
2015.12.23 03:02:09.447,9.54304,9.54953,2.25,1.19
2015.12.23 03:02:10.374,9.54329,9.54953,1.00,1.19
2015.12.23 03:02:28.104,9.54304,9.54936,2.25,1.19
2015.12.23 03:02:28.273,9.54329,9.54936,1.00,1.17
2015.12.23 03:02:32.710,9.54304,9.54936,2.25,1.18
2015.12.23 03:02:33.525,9.54329,9.54936,1.00,1.18
2015.12.23 03:02:33.925,9.54304,9.54936,2.25,1.20
2015.12.23 03:02:34.181,9.54329,9.54936,1.00,1.20
2015.12.23 03:02:49.233,9.54304,9.54936,2.25,1.21
2015.12.23 03:02:49.404,9.54329,9.54936,1.00,1.20
2015.12.23 03:02:50.550,9.54304,9.54936,2.25,1.17
2015.12.23 03:02:51.235,9.54329,9.54936,1.00,1.20
2015.12.23 03:02:57.528,9.54304,9.54936,2.25,1.18
2015.12.23 03:02:58.235,9.54329,9.54936,1.00,1.20
2015.12.23 03:02:59.042,9.54304,9.54936,2.25,1.19
2015.12.23 03:02:59.253,9.54329,9.54936,1.00,1.19
2015.12.23 03:03:00.261,9.54304,9.54936,2.25,1.19
2015.12.23 03:03:01.248,9.54329,9.54936,1.00,1.20
2015.12.23 03:03:09.083,9.54309,9.54936,1.00,1.19
2015.12.23 03:03:24.354,9.54304,9.54936,2.25,1.19
2015.12.23 03:03:47.621,9.54329,9.54936,1.00,1.18
2015.12.23 03:03:47.923,9.54304,9.54936,1.00,1.20
2015.12.23 03:03:48.213,9.54329,9.54936,1.00,1.20
2015.12.23 03:03:51.141,9.54314,9.54936,1.50,1.20
2015.12.23 03:03:51.242,9.54335,9.54936,1.00,1.20
2015.12.23 03:03:51.906,9.54314,9.54936,1.50,1.19
2015.12.23 03:03:52.242,9.54335,9.54936,1.00,1.20
2015.12.23 03:03:57.202,9.54314,9.54936,1.50,1.18
2015.12.23 03:03:57.309,9.54335,9.54936,1.00,1.18
2015.12.23 03:03:58.211,9.54314,9.54936,1.50,1.21
2015.12.23 03:03:58.827,9.54335,9.54936,1.00,1.19
2015.12.23 03:03:59.412,9.54313,9.54936,1.50,1.19
2015.12.23 03:03:59.959,9.54314,9.54936,1.50,1.19
2015.12.23 03:04:00.214,9.54334,9.54936,1.00,1.18
2015.12.23 03:04:00.715,9.54314,9.54936,1.50,1.20
2015.12.23 03:04:01.216,9.54335,9.54936,1.00,1.18
2015.12.23 03:04:01.616,9.54314,9.54936,1.50,1.19
2015.12.23 03:04:01.958,9.54335,9.54936,1.00,1.19
2015.12.23 03:04:02.618,9.54314,9.54936,1.50,1.18
2015.12.23 03:04:02.995,9.54335,9.54936,1.00,1.18
2015.12.23 03:04:03.820,9.54314,9.54936,1.50,1.19
2015.12.23 03:04:04.223,9.54335,9.54936,1.00,1.20
2015.12.23 03:04:05.022,9.54314,9.54936,1.50,1.19
2015.12.23 03:04:05.473,9.54334,9.54936,1.00,1.21
2015.12.23 03:04:13.238,9.54314,9.54936,1.50,1.17
2015.12.23 03:04:13.538,9.54335,9.54936,1.00,1.19
2015.12.23 03:04:14.139,9.54314,9.54936,1.50,1.20
2015.12.23 03:04:14.340,9.54335,9.54936,1.00,1.18
2015.12.23 03:04:15.142,9.54314,9.54936,1.50,1.18
2015.12.23 03:04:15.342,9.54335,9.54936,1.00,1.19
2015.12.23 03:04:16.265,9.54284,9.54936,1.57,1.20
2015.12.23 03:04:16.316,9.54284,9.54898,1.65,1.20
2015.12.23 03:04:16.895,9.54307,9.54898,1.07,1.19
2015.12.23 03:04:17.610,9.54244,9.54898,3.00,1.18
2015.12.23 03:04:17.850,9.54244,9.54859,1.45,1.16
2015.12.23 03:04:18.417,9.54213,9.54825,1.12,1.12
2015.12.23 03:04:19.891,9.54374,9.54825,1.50,1.12
2015.12.23 03:04:23.689,9.54374,9.54794,1.50,1.12
2015.12.23 03:04:24.682,9.54374,9.54761,1.50,1.12
2015.12.23 03:04:25.268,9.54294,9.54766,1.50,1.50
2015.12.23 03:04:25.420,9.54294,9.54766,1.50,1.57
2015.12.23 03:04:25.725,9.54294,9.54766,1.50,1.95
2015.12.23 03:05:20.578,9.54294,9.54766,1.50,1.95
2015.12.23 03:05:25.061,9.54197,9.54777,1.12,1.12
2015.12.23 03:06:08.977,9.54124,9.5484,2.25,1.13
2015.12.23 03:07:50.695,9.54164,9.54898,2.25,1.18
2015.12.23 03:07:50.954,9.54193,9.54918,1.12,1.18
2015.12.23 03:07:51.379,9.54344,9.54816,1.50,1.50
2015.12.23 03:07:52.262,9.54344,9.54816,1.50,1.57
2015.12.23 03:07:55.542,9.54344,9.54816,1.50,1.50
2015.12.23 03:07:56.676,9.54344,9.54816,1.50,1.57
2015.12.23 03:07:58.551,9.54344,9.54816,1.50,2.25
2015.12.23 03:07:59.302,9.54344,9.54816,1.50,1.57
2015.12.23 03:08:00.658,9.54164,9.54873,2.25,1.18
2015.12.23 03:08:01.612,9.54314,9.54786,1.50,1.50
2015.12.23 03:08:02.752,9.54174,9.54873,2.25,1.19
2015.12.23 03:08:03.727,9.54334,9.54806,1.50,1.57
2015.12.23 03:08:06.106,9.54334,9.54806,1.50,1.50
2015.12.23 03:08:06.359,9.54234,9.54918,1.95,1.19
2015.12.23 03:08:06.461,9.54251,9.54955,1.75,1.20
2015.12.23 03:08:07.699,9.54384,9.54856,1.50,1.53
2015.12.23 03:08:10.453,9.5428,9.55023,1.45,1.19
2015.12.23 03:08:11.284,9.54424,9.54896,1.50,1.57
2015.12.23 03:08:20.708,9.54424,9.54896,1.50,1.57
2015.12.23 03:08:21.243,9.54424,9.54896,1.50,1.56
2015.12.23 03:08:22.148,9.54424,9.54896,1.50,1.57
2015.12.23 03:08:23.228,9.54424,9.54896,1.50,1.55
2015.12.23 03:08:24.420,9.54424,9.54896,1.50,1.57
2015.12.23 03:08:25.005,9.54424,9.54896,1.50,1.57
2015.12.23 03:09:11.302,9.54309,9.55023,1.07,1.19
2015.12.23 03:09:36.158,9.54308,9.55023,1.07,1.19
2015.12.23 03:09:36.610,9.54504,9.54976,1.50,1.56
2015.12.23 03:09:39.525,9.54504,9.54976,1.50,1.58
2015.12.23 03:09:40.124,9.54504,9.54976,1.50,1.55
2015.12.23 03:10:02.406,9.54504,9.54976,1.50,1.57
2015.12.23 03:10:03.149,9.54504,9.54976,1.50,1.56
2015.12.23 03:10:36.695,9.54454,9.55153,2.25,1.18
2015.12.23 03:10:36.853,9.54479,9.55153,1.00,1.20
2015.12.23 03:10:37.393,9.54454,9.55153,2.25,1.20
2015.12.23 03:10:38.256,9.54479,9.55153,1.00,1.19
2015.12.23 03:10:41.878,9.54574,9.55046,1.50,1.57
2015.12.23 03:11:00.815,9.54574,9.55046,1.50,1.54
2015.12.23 03:11:03.644,9.54574,9.55046,1.50,1.58
2015.12.23 03:11:05.247,9.54574,9.55046,1.50,1.57
2015.12.23 03:11:15.445,9.54574,9.55046,1.50,1.55
2015.12.23 03:11:25.240,9.54574,9.55046,1.50,1.56
2015.12.23 03:11:26.944,9.54574,9.55046,1.50,1.58
2015.12.23 03:11:27.644,9.54574,9.55046,1.50,1.57
2015.12.23 03:11:28.657,9.54574,9.55046,1.50,1.57
2015.12.23 03:11:29.176,9.54574,9.55046,1.50,1.56
2015.12.23 03:11:29.850,9.54574,9.55046,1.50,1.58
2015.12.23 03:11:30.741,9.54574,9.55046,1.50,1.57
2015.12.23 03:11:34.694,9.54574,9.55046,1.50,1.56
2015.12.23 03:11:35.448,9.54574,9.55046,1.50,1.56
2015.12.23 03:11:37.887,9.54574,9.55046,1.50,1.57
2015.12.23 03:11:38.463,9.54574,9.55046,1.50,1.57
2015.12.23 03:11:42.215,9.54453,9.55148,2.25,1.19
2015.12.23 03:11:42.820,9.54454,9.55148,1.00,1.19
2015.12.23 03:11:43.071,9.54479,9.55148,1.00,1.20
2015.12.23 03:11:46.375,9.54454,9.55149,1.00,1.19
2015.12.23 03:11:46.594,9.54479,9.55149,1.00,1.19
2015.12.23 03:11:46.972,9.54454,9.55149,1.00,1.19
2015.12.23 03:11:47.718,9.54479,9.55148,1.00,1.19
2015.12.23 03:11:48.907,9.54454,9.55148,1.00,1.18
2015.12.23 03:11:49.011,9.54478,9.55148,1.00,1.19
2015.12.23 03:11:49.112,9.54454,9.55148,1.00,1.19
2015.12.23 03:11:49.381,9.54478,9.55153,1.00,1.20
2015.12.23 03:11:58.394,9.54454,9.55151,1.00,1.19
2015.12.23 03:12:00.540,9.54479,9.55152,1.00,1.20
2015.12.23 03:12:00.642,9.54454,9.55152,2.25,1.18
2015.12.23 03:12:01.388,9.54479,9.55146,1.00,1.81
2015.12.23 03:12:01.541,9.54454,9.55146,2.25,1.82
2015.12.23 03:12:01.703,9.54479,9.55146,1.00,1.81
2015.12.23 03:12:03.822,9.54454,9.55132,2.25,1.20
2015.12.23 03:12:04.408,9.54479,9.55148,1.00,1.21
2015.12.23 03:12:05.645,9.54454,9.55124,2.25,1.19
2015.12.23 03:12:06.098,9.54479,9.55127,1.00,1.20
2015.12.23 03:12:06.613,9.54454,9.55127,2.25,1.19
2015.12.23 03:12:06.933,9.54479,9.55127,1.00,1.20
2015.12.23 03:12:07.462,9.54454,9.55149,2.25,1.19
2015.12.23 03:12:07.936,9.54478,9.55149,1.00,1.20
2015.12.23 03:12:08.622,9.54479,9.55147,1.00,1.19
2015.12.23 03:12:09.632,9.54454,9.55131,2.25,1.19
2015.12.23 03:12:09.918,9.54479,9.55127,1.00,1.19
2015.12.23 03:12:10.619,9.54454,9.55127,2.25,1.12
2015.12.23 03:12:10.721,9.54454,9.55107,1.50,1.28
2015.12.23 03:12:16.745,9.54478,9.5511,1.00,1.13
2015.12.23 03:12:18.557,9.54479,9.55081,1.00,1.11
2015.12.23 03:12:21.867,9.54454,9.55112,2.25,1.07
2015.12.23 03:12:22.069,9.54479,9.55112,1.00,1.20
2015.12.23 03:12:25.585,9.54454,9.55135,1.50,1.05
2015.12.23 03:12:26.290,9.54478,9.55196,1.00,3.07
2015.12.23 03:12:27.160,9.54454,9.55176,1.50,1.22
2015.12.23 03:12:27.449,9.54479,9.55176,1.00,1.21
2015.12.23 03:12:27.649,9.54454,9.55176,2.25,1.21
2015.12.23 03:12:27.851,9.54479,9.55157,1.00,1.51
2015.12.23 03:12:28.224,9.54454,9.55178,2.25,1.26
2015.12.23 03:12:28.451,9.54479,9.55196,1.00,2.75
2015.12.23 03:12:29.152,9.54454,9.55196,2.25,2.77
2015.12.23 03:12:29.254,9.54479,9.55187,1.00,2.39
2015.12.23 03:12:29.356,9.54454,9.55186,2.25,2.38
2015.12.23 03:12:29.872,9.54479,9.55156,1.00,1.53
2015.12.23 03:12:30.361,9.54454,9.55166,2.25,1.59
2015.12.23 03:12:30.892,9.54479,9.55157,1.00,1.52
2015.12.23 03:12:31.392,9.54454,9.55156,2.25,1.52
2015.12.23 03:12:31.657,9.54479,9.55176,1.00,1.89
2015.12.23 03:12:34.676,9.54454,9.55184,2.25,1.53
2015.12.23 03:12:36.464,9.54478,9.55186,1.00,2.01
2015.12.23 03:12:52.984,9.54479,9.55186,1.00,1.95
2015.12.23 03:12:53.124,9.54479,9.55178,1.00,1.05
2015.12.23 03:13:13.128,9.54454,9.55174,2.25,1.22
2015.12.23 03:13:14.336,9.54479,9.55165,1.00,1.36
2015.12.23 03:13:15.343,9.54454,9.55115,2.25,1.22
2015.12.23 03:13:15.644,9.54479,9.55158,1.00,1.04
2015.12.23 03:13:16.146,9.54454,9.55082,2.25,1.04
2015.12.23 03:13:16.431,9.54478,9.55113,1.00,1.03
2015.12.23 03:13:17.269,9.54479,9.55185,1.00,1.24
2015.12.23 03:13:17.472,9.54454,9.55178,2.25,1.27
2015.12.23 03:13:17.641,9.54479,9.55186,1.00,2.40
2015.12.23 03:13:18.526,9.54454,9.55186,2.25,2.39
2015.12.23 03:13:18.628,9.54479,9.55156,1.00,1.59
2015.12.23 03:13:19.328,9.54454,9.55176,2.25,1.88
2015.12.23 03:13:19.630,9.54479,9.55156,1.00,1.59
2015.12.23 03:13:20.131,9.54454,9.55171,2.25,1.27
2015.12.23 03:13:20.434,9.54479,9.55186,1.00,2.39
2015.12.23 03:13:26.886,9.54454,9.55186,2.25,2.40
2015.12.23 03:13:33.197,9.54454,9.55186,2.25,2.39
2015.12.23 03:13:33.800,9.54479,9.55186,1.00,2.39
2015.12.23 03:13:34.391,9.54454,9.55184,2.25,1.52
2015.12.23 03:13:35.186,9.54478,9.55166,1.00,1.20
2015.12.23 03:13:36.656,9.54454,9.55176,2.25,1.52
2015.12.23 03:13:37.157,9.54478,9.55176,1.00,1.51
2015.12.23 03:13:39.070,9.54454,9.55176,2.25,1.51
2015.12.23 03:13:40.261,9.54479,9.55176,1.00,1.52
2015.12.23 03:13:59.019,9.54454,9.55176,2.25,1.53
2015.12.23 03:13:59.190,9.54479,9.55176,1.00,1.50
2015.12.23 03:14:00.459,9.54454,9.55176,2.25,1.51
2015.12.23 03:14:01.235,9.54479,9.55176,1.00,1.52
2015.12.23 03:14:02.141,9.54454,9.55176,2.25,1.51
2015.12.23 03:14:02.641,9.54479,9.55186,1.00,2.02
2015.12.23 03:14:10.108,9.54454,9.55186,2.25,2.02
2015.12.23 03:14:11.210,9.54479,9.55187,1.00,2.02
2015.12.23 03:14:12.460,9.54454,9.55075,2.25,1.19
2015.12.23 03:14:13.212,9.54479,9.55075,1.00,1.19
2015.12.23 03:14:18.420,9.54454,9.55075,2.25,1.19
2015.12.23 03:14:21.637,9.54478,9.55079,1.00,1.20
2015.12.23 03:14:37.950,9.54454,9.55076,2.25,1.20
2015.12.23 03:14:42.369,9.54454,9.55076,2.25,1.18
2015.12.23 03:14:42.910,9.54454,9.5508,2.25,1.18
2015.12.23 03:14:52.571,9.54454,9.55082,2.25,1.20
2015.12.23 03:14:53.215,9.54454,9.55081,2.25,1.18
2015.12.23 03:15:10.198,9.54454,9.55086,2.25,1.20
2015.12.23 03:15:13.202,9.54454,9.55086,2.25,1.17
2015.12.23 03:15:21.916,9.54454,9.55086,2.25,1.19
2015.12.23 03:15:22.691,9.54454,9.55086,2.25,1.18
2015.12.23 03:15:23.294,9.54454,9.55086,2.25,1.20
2015.12.23 03:15:24.339,9.54454,9.55086,2.25,1.19
2015.12.23 03:15:27.858,9.54454,9.55086,2.25,1.18
2015.12.23 03:15:28.363,9.54454,9.55083,2.25,1.19
2015.12.23 03:16:05.405,9.54454,9.55092,2.25,1.20
2015.12.23 03:16:06.431,9.54454,9.55092,2.25,1.20
2015.12.23 03:17:15.205,9.54454,9.55136,2.25,1.19
2015.12.23 03:17:23.916,9.54454,9.55136,1.50,1.19
2015.12.23 03:17:41.134,9.54454,9.55136,2.25,1.12
2015.12.23 03:17:41.253,9.54454,9.55116,2.25,1.53
2015.12.23 03:18:28.325,9.54454,9.55196,2.25,3.51
2015.12.23 03:18:28.845,9.54454,9.55176,1.50,1.59
2015.12.23 03:18:31.811,9.54454,9.5519,2.25,1.52
2015.12.23 03:18:33.717,9.54454,9.55176,2.25,1.59
2015.12.23 03:18:52.084,9.54454,9.55196,2.25,2.76
2015.12.23 03:18:52.644,9.54454,9.55176,2.25,1.23
2015.12.23 03:19:02.720,9.54454,9.55196,2.25,2.77
2015.12.23 03:19:03.325,9.54454,9.55186,2.25,1.21
2015.12.23 03:19:06.450,9.54454,9.55186,2.25,1.21
2015.12.23 03:19:10.082,9.54454,9.55186,2.25,1.21
2015.12.23 03:19:54.449,9.54454,9.55196,1.50,1.91
2015.12.23 03:19:55.168,9.54454,9.55166,2.25,1.52
2015.12.23 03:20:02.439,9.54454,9.55186,2.25,2.03
2015.12.23 03:20:03.145,9.54454,9.55186,2.25,2.02
2015.12.23 03:20:28.624,9.54454,9.55082,2.25,1.12
2015.12.23 03:20:28.726,9.54454,9.55072,2.25,1.24
2015.12.23 03:20:39.418,9.54454,9.55048,2.25,1.18
2015.12.23 03:20:42.475,9.54454,9.55048,2.25,1.11
2015.12.23 03:21:06.323,9.54454,9.55085,1.50,1.20
2015.12.23 03:21:07.085,9.54454,9.55081,2.25,1.20
2015.12.23 03:21:26.802,9.54453,9.55093,2.25,1.20
2015.12.23 03:21:27.351,9.54454,9.55093,1.00,1.18
2015.12.23 03:21:28.543,9.54454,9.55095,2.25,1.20
2015.12.23 03:21:29.056,9.54454,9.55095,2.25,1.20
2015.12.23 03:21:38.441,9.54454,9.55094,2.25,1.20
2015.12.23 03:21:50.880,9.54454,9.55094,2.25,1.18
2015.12.23 03:22:03.383,9.54454,9.55094,2.25,1.19
2015.12.23 03:22:04.093,9.54454,9.55091,2.25,1.19
2015.12.23 03:22:05.740,9.54453,9.55087,2.25,1.18
2015.12.23 03:22:06.248,9.54454,9.55095,2.25,1.18
2015.12.23 03:22:21.408,9.54454,9.5509,2.25,1.19
2015.12.23 03:22:21.928,9.54454,9.5509,2.25,1.18
2015.12.23 03:22:23.153,9.54454,9.55095,2.25,1.18
2015.12.23 03:22:23.695,9.54454,9.55097,2.25,1.20
2015.12.23 03:23:26.000,9.54454,9.5509,2.25,1.19
2015.12.23 03:23:26.614,9.54454,9.55091,2.25,1.19
2015.12.23 03:23:42.534,9.54454,9.55092,2.25,1.20
2015.12.23 03:23:49.365,9.54454,9.55092,2.25,1.19
2015.12.23 03:25:25.217,9.54454,9.55196,2.25,2.76
2015.12.23 03:25:30.662,9.54454,9.55156,2.25,1.52
2015.12.23 03:25:38.459,9.54454,9.55186,2.25,2.39
2015.12.23 03:25:39.016,9.54454,9.55146,2.25,1.53
2015.12.23 03:26:00.430,9.54454,9.55156,2.25,1.52
2015.12.23 03:26:00.544,9.54454,9.55046,2.25,1.04
2015.12.23 03:26:05.958,9.54454,9.55046,2.25,1.14
2015.12.23 03:26:06.762,9.54454,9.55027,1.00,1.04
2015.12.23 03:26:30.388,9.54454,9.55046,2.25,1.09
2015.12.23 03:26:30.928,9.54454,9.55133,2.25,1.19
2015.12.23 03:26:31.512,9.54453,9.55134,2.25,1.18
2015.12.23 03:26:32.014,9.54454,9.55124,2.25,1.18
2015.12.23 03:26:42.048,9.54453,9.55133,2.25,1.20
2015.12.23 03:26:42.750,9.54454,9.55133,1.00,1.19
2015.12.23 03:26:43.498,9.54454,9.55133,1.00,1.12
2015.12.23 03:26:43.602,9.54454,9.55084,1.00,1.05
2015.12.23 03:26:44.605,9.54454,9.55046,2.25,1.04
2015.12.23 03:26:46.112,9.54454,9.55076,1.00,1.04
2015.12.23 03:26:47.666,9.54453,9.55076,2.25,1.04
2015.12.23 03:26:48.167,9.54454,9.55076,1.00,1.04
2015.12.23 03:26:48.869,9.54453,9.55076,2.25,1.04
2015.12.23 03:26:49.873,9.54454,9.55076,1.00,1.04
2015.12.23 03:26:53.083,9.54453,9.55076,2.25,1.04
2015.12.23 03:26:53.685,9.54454,9.55076,1.00,1.04
2015.12.23 03:26:55.191,9.54453,9.55076,2.25,1.04
2015.12.23 03:26:56.038,9.54454,9.55076,1.00,1.04
2015.12.23 03:27:03.418,9.54453,9.55076,2.25,1.04
2015.12.23 03:27:04.019,9.54454,9.55076,1.00,1.04
2015.12.23 03:27:04.923,9.54453,9.55076,2.25,1.04
2015.12.23 03:27:05.725,9.54454,9.55076,1.00,1.04
2015.12.23 03:27:08.841,9.54453,9.55076,2.25,1.04
2015.12.23 03:27:09.878,9.54454,9.55076,1.00,1.04
2015.12.23 03:27:12.755,9.54453,9.55076,2.25,1.04
2015.12.23 03:27:13.356,9.54454,9.55076,1.00,1.04
2015.12.23 03:27:15.176,9.54453,9.55076,2.25,1.04
2015.12.23 03:27:15.764,9.54454,9.55076,1.00,1.04
2015.12.23 03:27:22.082,9.54453,9.55076,2.25,1.04
2015.12.23 03:27:22.685,9.54454,9.55076,1.00,1.04
2015.12.23 03:27:25.694,9.54453,9.55076,2.25,1.04
2015.12.23 03:27:26.296,9.54454,9.55076,1.00,1.04
2015.12.23 03:27:27.011,9.54453,9.55046,2.25,1.17
2015.12.23 03:27:27.550,9.54454,9.55046,1.00,1.17
2015.12.23 03:27:38.337,9.54453,9.55046,2.25,1.17
2015.12.23 03:27:39.048,9.54454,9.55046,1.00,1.17
2015.12.23 03:27:41.046,9.54453,9.55046,2.25,1.17
2015.12.23 03:27:41.648,9.54454,9.55046,1.00,1.17
2015.12.23 03:27:42.551,9.54453,9.55046,2.25,1.17
2015.12.23 03:27:43.153,9.54454,9.55046,1.00,1.17
2015.12.23 03:27:44.458,9.54453,9.55046,2.25,1.17
2015.12.23 03:27:45.059,9.54454,9.55046,1.00,1.17
2015.12.23 03:27:45.661,9.54453,9.55046,2.25,1.17
2015.12.23 03:27:46.307,9.54454,9.55105,1.00,1.25
2015.12.23 03:27:48.671,9.54453,9.55105,2.25,1.25
2015.12.23 03:27:49.273,9.54454,9.55105,1.00,1.25
2015.12.23 03:27:49.875,9.54453,9.55105,2.25,1.25
2015.12.23 03:27:50.506,9.54454,9.55105,1.00,1.25
2015.12.23 03:27:55.818,9.54453,9.55105,2.25,1.25
2015.12.23 03:27:56.322,9.54454,9.55105,1.00,1.25
2015.12.23 03:27:58.543,9.54453,9.55105,2.25,1.25
2015.12.23 03:27:59.250,9.54454,9.55105,1.00,1.25
2015.12.23 03:28:00.872,9.54453,9.55105,2.25,1.25
2015.12.23 03:28:01.625,9.54454,9.55105,1.00,1.25
2015.12.23 03:28:06.232,9.54453,9.55105,2.25,1.09
2015.12.23 03:28:06.895,9.54454,9.55105,1.00,1.09
2015.12.23 03:28:07.597,9.54453,9.55105,2.25,1.09
2015.12.23 03:28:08.199,9.54454,9.55105,1.00,1.09
2015.12.23 03:28:09.153,9.54454,9.55136,1.00,1.81
2015.12.23 03:28:10.306,9.54453,9.55136,2.25,1.81
2015.12.23 03:28:10.808,9.54454,9.55136,1.00,1.81
2015.12.23 03:28:12.915,9.54453,9.55136,2.25,1.81
2015.12.23 03:28:13.453,9.54454,9.55136,1.00,1.81
2015.12.23 03:28:14.154,9.54453,9.55136,2.25,1.81
2015.12.23 03:28:14.721,9.54454,9.55136,1.00,1.81
2015.12.23 03:28:17.229,9.54453,9.55136,2.25,1.81
2015.12.23 03:28:17.831,9.54454,9.55136,1.00,1.81
2015.12.23 03:28:18.433,9.54453,9.55136,2.25,1.81
2015.12.23 03:28:18.934,9.54454,9.55136,1.00,1.81
2015.12.23 03:28:19.737,9.54453,9.55136,2.25,1.81
2015.12.23 03:28:20.238,9.54454,9.55136,1.00,1.81
2015.12.23 03:28:22.144,9.54453,9.55136,2.25,1.81
2015.12.23 03:28:22.648,9.54454,9.55136,1.00,1.81
2015.12.23 03:28:25.920,9.54453,9.55136,2.25,1.81
2015.12.23 03:28:26.675,9.54454,9.55136,1.00,1.81
2015.12.23 03:28:28.683,9.54453,9.55136,2.25,1.81
2015.12.23 03:28:29.184,9.54454,9.55136,1.00,1.81
2015.12.23 03:28:34.500,9.54453,9.55136,2.25,1.81
2015.12.23 03:28:35.002,9.54454,9.55136,1.00,1.81
2015.12.23 03:28:35.704,9.54453,9.55136,2.25,1.81
2015.12.23 03:28:36.206,9.54454,9.55136,1.00,1.81
2015.12.23 03:28:37.109,9.54453,9.55136,2.25,1.81
2015.12.23 03:28:37.711,9.54454,9.55136,1.00,1.81
2015.12.23 03:28:38.433,9.54453,9.55136,2.25,1.81
2015.12.23 03:28:39.015,9.54454,9.55136,1.00,1.81
2015.12.23 03:28:39.516,9.54453,9.55136,2.25,1.81
2015.12.23 03:28:40.118,9.54454,9.55136,1.00,1.81
2015.12.23 03:28:40.845,9.54453,9.55136,2.25,1.81
2015.12.23 03:28:41.624,9.54454,9.55136,1.00,1.81
2015.12.23 03:28:42.544,9.54453,9.55136,2.25,1.81
2015.12.23 03:28:43.127,9.54454,9.55136,1.00,1.81
2015.12.23 03:28:44.130,9.54453,9.55136,2.25,1.81
2015.12.23 03:28:44.632,9.54454,9.55136,1.00,1.81
2015.12.23 03:28:46.539,9.54453,9.55136,2.25,1.81
2015.12.23 03:28:47.341,9.54454,9.55136,1.00,1.81
2015.12.23 03:28:48.947,9.54453,9.55136,2.25,1.81
2015.12.23 03:28:49.448,9.54454,9.55136,1.00,1.81
2015.12.23 03:28:50.202,9.54454,9.55136,1.00,1.81
2015.12.23 03:28:51.958,9.54453,9.55136,2.25,1.81
2015.12.23 03:28:52.461,9.54454,9.55136,1.00,1.81
2015.12.23 03:28:54.969,9.54453,9.55136,2.25,1.81
2015.12.23 03:28:55.471,9.54454,9.55136,1.00,1.81
2015.12.23 03:28:57.585,9.54453,9.55136,2.25,1.81
2015.12.23 03:28:58.187,9.54454,9.55136,1.00,1.81
2015.12.23 03:28:59.090,9.54453,9.55136,2.25,1.81
2015.12.23 03:28:59.692,9.54454,9.55136,1.00,1.81
2015.12.23 03:29:00.251,9.54453,9.55136,2.25,1.81
2015.12.23 03:29:00.997,9.54454,9.55136,1.00,1.81
2015.12.23 03:29:02.412,9.54453,9.55136,2.25,1.81
2015.12.23 03:29:03.278,9.54454,9.55136,1.00,1.81
2015.12.23 03:29:04.025,9.54453,9.55136,2.25,1.81
2015.12.23 03:29:04.529,9.54454,9.55136,1.00,1.81
2015.12.23 03:29:06.445,9.54453,9.55136,2.25,1.81
2015.12.23 03:29:06.950,9.54454,9.55136,1.00,1.81
2015.12.23 03:29:09.474,9.54453,9.55136,2.25,1.81
2015.12.23 03:29:10.048,9.54454,9.55136,1.00,1.81
2015.12.23 03:29:13.299,9.54453,9.55136,2.25,1.81
2015.12.23 03:29:13.902,9.54454,9.55136,1.00,1.81
2015.12.23 03:29:18.833,9.54453,9.55136,2.25,1.81
2015.12.23 03:29:19.338,9.54454,9.55136,1.00,1.81
2015.12.23 03:29:20.952,9.54453,9.55136,2.25,1.81
2015.12.23 03:29:21.454,9.54454,9.55136,1.00,1.81
2015.12.23 03:29:24.363,9.54453,9.55136,2.25,1.82
2015.12.23 03:29:24.864,9.54454,9.55136,1.00,1.82
2015.12.23 03:29:25.366,9.54453,9.55136,2.25,1.82
2015.12.23 03:29:25.868,9.54454,9.55136,1.00,1.82
2015.12.23 03:29:27.873,9.54453,9.55136,2.25,1.82
2015.12.23 03:29:28.475,9.54454,9.55136,1.00,1.82
2015.12.23 03:29:30.983,9.54453,9.55136,2.25,1.82
2015.12.23 03:29:31.484,9.54454,9.55136,1.00,1.82
2015.12.23 03:29:31.987,9.54453,9.55136,2.25,1.82
2015.12.23 03:29:32.489,9.54454,9.55136,1.00,1.82
2015.12.23 03:29:34.596,9.54453,9.55136,2.25,1.82
2015.12.23 03:29:35.098,9.54454,9.55136,1.00,1.82
2015.12.23 03:29:36.803,9.54371,9.55136,1.00,1.81
2015.12.23 03:29:37.006,9.54413,9.55088,1.50,1.18
2015.12.23 03:29:37.209,9.54344,9.55079,1.50,1.19
2015.12.23 03:29:37.260,9.54359,9.55079,1.00,1.20
2015.12.23 03:29:37.888,9.54504,9.54976,1.50,1.63
2015.12.23 03:30:04.525,9.54504,9.54976,1.50,1.62
2015.12.23 03:30:05.134,9.54504,9.54976,1.50,1.63
2015.12.23 03:30:37.937,9.54324,9.54981,2.25,1.19
2015.12.23 03:31:23.043,9.54329,9.54981,1.00,1.18
2015.12.23 03:31:40.082,9.54328,9.54981,1.00,1.21
2015.12.23 03:31:41.084,9.54324,9.54981,2.25,1.18
2015.12.23 03:32:21.253,9.54324,9.55133,1.00,1.20
2015.12.23 03:32:33.460,9.54349,9.55133,1.00,1.19
2015.12.23 03:32:50.631,9.54324,9.55133,2.25,1.20
2015.12.23 03:32:51.784,9.54349,9.55133,1.00,1.19
2015.12.23 03:33:04.499,9.54324,9.55133,2.25,1.21
2015.12.23 03:33:06.902,9.54324,9.55133,2.25,1.12
2015.12.23 03:33:07.028,9.54324,9.55083,2.25,1.14
2015.12.23 03:33:21.221,9.54349,9.55083,1.00,1.14
2015.12.23 03:33:28.147,9.54324,9.55083,2.25,1.11
2015.12.23 03:33:49.728,9.54324,9.55083,2.25,1.05
2015.12.23 03:34:14.025,9.54324,9.55083,2.25,1.09
2015.12.23 03:35:28.301,9.54324,9.54972,2.25,1.12
2015.12.23 03:35:37.569,9.54324,9.54962,2.32,1.12
2015.12.23 03:35:50.934,9.54358,9.54945,1.00,1.12
2015.12.23 03:35:51.136,9.54334,9.54945,2.32,1.12
2015.12.23 03:35:51.336,9.54358,9.54945,1.00,1.12
2015.12.23 03:35:51.437,9.54334,9.54945,1.07,1.12
2015.12.23 03:35:51.731,9.54359,9.54945,1.00,1.12
2015.12.23 03:35:52.032,9.54334,9.54945,2.32,1.12
2015.12.23 03:35:52.144,9.54349,9.54945,1.00,1.12
2015.12.23 03:35:53.152,9.54324,9.54945,2.32,1.12
2015.12.23 03:35:53.958,9.54359,9.54945,1.00,1.12
2015.12.23 03:35:55.294,9.54334,9.54945,1.07,1.12
2015.12.23 03:35:55.345,9.54359,9.54945,1.00,1.12
2015.12.23 03:36:00.949,9.54334,9.54945,2.32,1.12
2015.12.23 03:36:07.503,9.54334,9.54935,1.57,1.12
2015.12.23 03:36:09.741,9.54444,9.5491,1.50,1.12
2015.12.23 03:36:16.608,9.54444,9.54916,1.50,1.87
2015.12.23 03:36:16.659,9.54444,9.54916,1.50,1.50
2015.12.23 03:37:09.963,9.54304,9.55044,2.25,1.12
2015.12.23 03:38:06.835,9.54304,9.55045,2.25,1.12
2015.12.23 03:38:15.134,9.54303,9.5497,2.25,1.12
2015.12.23 03:39:10.658,9.54304,9.54971,2.25,1.12
2015.12.23 03:39:56.943,9.54304,9.5497,2.25,1.12
2015.12.23 03:40:14.654,9.54304,9.54997,1.95,1.12
2015.12.23 03:40:14.969,9.54304,9.55047,1.65,1.12
2015.12.23 03:41:09.873,9.54303,9.55046,1.65,1.12
2015.12.23 03:42:17.006,9.54304,9.55016,1.95,1.12
2015.12.23 03:44:18.908,9.54304,9.54898,2.25,1.12
2015.12.23 03:46:20.748,9.54304,9.54931,1.95,1.12
2015.12.23 03:46:20.799,9.54304,9.54971,1.65,1.12
2015.12.23 03:47:16.470,9.54304,9.54972,1.65,1.12
2015.12.23 03:48:12.221,9.54254,9.54927,1.65,1.12
2015.12.23 03:48:13.142,9.54384,9.54856,1.50,1.50
2015.12.23 03:48:30.178,9.54464,9.54796,1.50,1.50
2015.12.23 03:48:30.280,9.54414,9.54886,1.50,1.57
2015.12.23 03:48:30.383,9.54414,9.54886,1.50,1.50
2015.12.23 03:49:30.431,9.54304,9.55057,2.25,1.12
2015.12.23 03:50:16.715,9.54304,9.55027,2.25,1.12
2015.12.23 03:51:12.724,9.54287,9.54891,1.12,1.12
2015.12.23 03:51:14.698,9.54297,9.54889,1.12,1.12
2015.12.23 03:51:14.749,9.5431,9.54916,1.12,1.12
2015.12.23 03:51:15.935,9.54414,9.54886,1.50,1.95
2015.12.23 03:52:15.990,9.5431,9.54916,1.12,1.12
2015.12.23 03:52:17.623,9.54294,9.54979,1.95,1.12
2015.12.23 03:53:48.725,9.54224,9.54937,2.25,1.12
2015.12.23 03:53:50.477,9.54384,9.54856,1.50,1.50
2015.12.23 03:54:02.923,9.54384,9.54856,1.50,1.65
2015.12.23 03:54:04.325,9.54384,9.54856,1.50,2.25
2015.12.23 03:54:04.590,9.54314,9.54786,1.50,1.50
2015.12.23 03:54:06.035,9.54314,9.54786,1.50,1.57
2015.12.23 03:54:06.340,9.54194,9.54841,1.50,1.12
2015.12.23 03:54:07.267,9.54244,9.54841,1.50,1.12
2015.12.23 03:54:07.318,9.54244,9.54898,1.50,1.12
2015.12.23 03:54:08.174,9.54254,9.54898,1.50,1.12
2015.12.23 03:54:08.904,9.54253,9.54898,1.50,1.12
2015.12.23 03:54:09.233,9.54264,9.54898,1.50,1.12
2015.12.23 03:54:09.537,9.54374,9.54846,1.50,1.57
2015.12.23 03:54:20.092,9.54374,9.54829,1.50,1.12
2015.12.23 03:54:21.163,9.54144,9.54829,1.50,1.12
2015.12.23 03:54:21.214,9.54214,9.54829,1.50,1.12
2015.12.23 03:54:21.739,9.54213,9.54829,1.50,1.12
2015.12.23 03:54:21.791,9.54193,9.54829,1.50,1.12
2015.12.23 03:54:21.843,9.54344,9.54816,1.50,1.95
2015.12.23 03:54:23.037,9.54344,9.5478,1.50,1.12
2015.12.23 03:54:23.093,9.54164,9.5478,3.00,1.12
2015.12.23 03:54:23.901,9.54154,9.5478,1.50,1.12
2015.12.23 03:54:24.770,9.54144,9.5478,1.50,1.12
2015.12.23 03:54:25.024,9.54294,9.54766,1.50,1.95
2015.12.23 03:54:30.887,9.54143,9.54813,1.50,1.12
2015.12.23 03:54:30.938,9.54184,9.54813,1.50,1.12
2015.12.23 03:54:31.260,9.54224,9.54813,1.50,1.12
2015.12.23 03:54:31.413,9.54224,9.54866,1.50,1.12
2015.12.23 03:54:31.633,9.54354,9.54826,1.50,1.57
2015.12.23 03:54:32.306,9.54274,9.54866,1.50,1.12
2015.12.23 03:54:33.231,9.54294,9.54866,1.50,1.12
2015.12.23 03:54:33.434,9.54224,9.54866,3.00,1.12
2015.12.23 03:54:34.004,9.54294,9.54866,1.50,1.12
2015.12.23 03:54:34.499,9.54403,9.54866,1.50,1.12
2015.12.23 03:54:36.072,9.54254,9.54866,1.50,1.12
2015.12.23 03:54:36.842,9.54253,9.54866,1.50,1.12
2015.12.23 03:54:36.893,9.54374,9.54846,1.50,1.95
2015.12.23 03:54:43.592,9.54374,9.54846,1.50,1.95
2015.12.23 03:55:36.949,9.54264,9.54869,1.50,1.12
2015.12.23 03:55:45.178,9.54263,9.54869,1.50,1.12
2015.12.23 03:55:45.681,9.54264,9.54869,1.50,1.12
2015.12.23 03:55:47.597,9.54263,9.54869,1.50,1.12
2015.12.23 03:55:48.191,9.54264,9.54869,1.50,1.12
2015.12.23 03:55:50.758,9.54263,9.54869,1.50,1.12
2015.12.23 03:55:51.502,9.54264,9.54869,1.50,1.12
2015.12.23 03:55:52.111,9.54263,9.54869,1.50,1.12
2015.12.23 03:55:52.990,9.54264,9.54869,1.50,1.12
2015.12.23 03:55:53.516,9.54263,9.54869,1.50,1.12
2015.12.23 03:55:54.020,9.54264,9.54869,1.50,1.12
2015.12.23 03:55:56.033,9.54263,9.54869,1.50,1.12
2015.12.23 03:55:56.620,9.54264,9.54869,1.50,1.12
2015.12.23 03:55:57.436,9.54263,9.54869,1.50,1.12
2015.12.23 03:55:58.047,9.54264,9.54869,1.50,1.12
2015.12.23 03:55:58.650,9.54263,9.54869,1.50,1.12
2015.12.23 03:55:59.253,9.54264,9.54869,1.50,1.12
2015.12.23 03:56:04.644,9.54263,9.54869,1.50,1.12
2015.12.23 03:56:05.293,9.54264,9.54869,1.50,1.12
2015.12.23 03:56:13.217,9.54263,9.54869,1.50,1.12
2015.12.23 03:56:13.883,9.54264,9.54869,1.50,1.12
2015.12.23 03:56:14.621,9.54263,9.54869,1.50,1.12
2015.12.23 03:56:15.221,9.54264,9.54869,1.50,1.12
2015.12.23 03:56:16.440,9.54264,9.55014,1.50,1.12
2015.12.23 03:56:19.416,9.54263,9.55014,1.50,1.12
2015.12.23 03:56:20.073,9.54264,9.55014,1.50,1.12
2015.12.23 03:56:25.510,9.54263,9.55014,1.50,1.12
2015.12.23 03:56:26.113,9.54264,9.55014,1.50,1.12
2015.12.23 03:56:27.688,9.54263,9.55014,1.50,1.12
2015.12.23 03:56:28.226,9.54264,9.55014,1.50,1.12
2015.12.23 03:56:31.245,9.54263,9.55014,1.50,1.12
2015.12.23 03:56:32.069,9.54264,9.55014,1.50,1.12
2015.12.23 03:56:35.764,9.54263,9.55014,1.50,1.12
2015.12.23 03:56:36.266,9.54264,9.55014,1.50,1.12
2015.12.23 03:56:40.000,9.54263,9.55014,1.50,1.12
2015.12.23 03:56:40.580,9.54264,9.55014,1.50,1.12
2015.12.23 03:56:41.483,9.54263,9.55014,1.50,1.12
2015.12.23 03:56:42.371,9.54264,9.55014,1.50,1.12
2015.12.23 03:56:44.382,9.54263,9.55014,1.50,1.12
2015.12.23 03:56:45.094,9.54264,9.55014,1.50,1.12
2015.12.23 03:56:49.106,9.54263,9.55014,1.50,1.12
2015.12.23 03:56:50.009,9.54264,9.55014,1.50,1.12
2015.12.23 03:56:54.845,9.54263,9.55014,1.50,1.12
2015.12.23 03:56:55.425,9.54264,9.55014,1.50,1.12
2015.12.23 03:56:59.637,9.54263,9.55014,1.50,1.12
2015.12.23 03:57:00.239,9.54264,9.55014,1.50,1.12
2015.12.23 03:57:00.838,9.54263,9.55014,1.50,1.12
2015.12.23 03:57:01.743,9.54264,9.55014,1.50,1.12
2015.12.23 03:57:02.947,9.54263,9.55014,1.50,1.12
2015.12.23 03:57:03.549,9.54264,9.55014,1.50,1.12
2015.12.23 03:57:07.160,9.54263,9.55014,1.50,1.12
2015.12.23 03:57:07.870,9.54264,9.55014,1.50,1.12
2015.12.23 03:57:09.367,9.54263,9.55014,1.50,1.12
2015.12.23 03:57:10.035,9.54264,9.55014,1.50,1.12
2015.12.23 03:57:14.193,9.54263,9.55014,1.50,1.12
2015.12.23 03:57:14.786,9.54264,9.55014,1.50,1.12
2015.12.23 03:57:20.103,9.54263,9.55014,1.50,1.12
2015.12.23 03:57:21.106,9.54264,9.55014,1.50,1.12
2015.12.23 03:57:22.334,9.54263,9.55014,1.50,1.12
2015.12.23 03:57:22.536,9.54274,9.55014,1.50,1.12
2015.12.23 03:57:23.817,9.54273,9.55014,1.50,1.12
2015.12.23 03:57:24.318,9.54274,9.55014,1.50,1.12
2015.12.23 03:57:29.647,9.54273,9.55014,1.50,1.12
2015.12.23 03:57:30.150,9.54274,9.55014,1.50,1.12
2015.12.23 03:57:33.776,9.54273,9.55014,1.50,1.12
2015.12.23 03:57:34.389,9.54274,9.55014,1.50,1.12
2015.12.23 03:57:35.691,9.54273,9.55014,1.50,1.12
2015.12.23 03:57:36.196,9.54274,9.55014,1.50,1.12
2015.12.23 03:57:36.850,9.54273,9.55014,1.50,1.12
2015.12.23 03:57:37.405,9.54274,9.55014,1.50,1.12
2015.12.23 03:57:38.270,9.54273,9.55014,1.50,1.12
2015.12.23 03:57:38.869,9.54274,9.55014,1.50,1.12
2015.12.23 03:57:40.446,9.54273,9.55014,1.50,1.12
2015.12.23 03:57:41.029,9.54274,9.55014,1.50,1.12
2015.12.23 03:57:42.540,9.54273,9.55014,1.50,1.12
2015.12.23 03:57:43.042,9.54274,9.55014,1.50,1.12
2015.12.23 03:57:52.383,9.54273,9.55014,1.50,1.12
2015.12.23 03:57:52.890,9.54274,9.55014,1.50,1.12
2015.12.23 03:57:59.724,9.54273,9.55014,1.50,1.12
2015.12.23 03:58:00.326,9.54274,9.55014,1.50,1.12
2015.12.23 03:58:01.329,9.54273,9.55014,1.50,1.12
2015.12.23 03:58:01.831,9.54274,9.55014,1.50,1.12
2015.12.23 03:58:06.045,9.54273,9.55014,1.50,1.12
2015.12.23 03:58:06.646,9.54274,9.55014,1.50,1.12
2015.12.23 03:58:08.251,9.54273,9.55014,1.50,1.12
2015.12.23 03:58:08.853,9.54274,9.55014,1.50,1.12
2015.12.23 03:58:10.960,9.54273,9.55014,1.50,1.12
2015.12.23 03:58:11.562,9.54274,9.55014,1.50,1.12
2015.12.23 03:58:14.571,9.54273,9.55014,1.50,1.12
2015.12.23 03:58:15.073,9.54274,9.55014,1.50,1.12
2015.12.23 03:58:17.881,9.54273,9.55014,1.50,1.12
2015.12.23 03:58:18.483,9.54274,9.55014,1.50,1.12
2015.12.23 03:58:21.585,9.54273,9.55014,1.50,1.12
2015.12.23 03:58:22.095,9.54274,9.55014,1.50,1.12
2015.12.23 03:58:27.212,9.54273,9.55014,1.50,1.12
2015.12.23 03:58:27.881,9.54274,9.55014,1.50,1.12
2015.12.23 03:58:28.416,9.54273,9.55014,1.50,1.12
2015.12.23 03:58:29.018,9.54274,9.55014,1.50,1.12
2015.12.23 03:58:31.425,9.54273,9.55014,1.50,1.12
2015.12.23 03:58:32.064,9.54274,9.55014,1.50,1.12
2015.12.23 03:58:35.461,9.54273,9.55014,1.50,1.12
2015.12.23 03:58:35.768,9.54284,9.55014,1.50,1.12
2015.12.23 03:58:38.064,9.54283,9.55014,1.50,1.12
2015.12.23 03:58:38.700,9.54284,9.55014,1.50,1.12
2015.12.23 03:58:41.884,9.54283,9.55014,1.50,1.12
2015.12.23 03:58:42.386,9.54284,9.55014,1.50,1.12
2015.12.23 03:58:44.695,9.54283,9.55014,1.50,1.12
2015.12.23 03:58:45.200,9.54284,9.55014,1.50,1.12
2015.12.23 03:58:46.448,9.54309,9.55014,1.00,1.12
2015.12.23 03:58:46.499,9.54309,9.55034,1.00,1.12
2015.12.23 03:58:46.550,9.54309,9.55076,1.00,1.12
2015.12.23 03:58:46.663,9.54284,9.55076,1.72,1.12
2015.12.23 03:58:46.955,9.54444,9.54916,1.50,1.50
2015.12.23 03:59:47.102,9.54369,9.55148,1.00,1.12
2015.12.23 03:59:50.845,9.54354,9.55148,1.50,1.12
2015.12.23 03:59:51.209,9.54369,9.55148,1.00,1.12
2015.12.23 03:59:58.768,9.54354,9.55148,1.50,1.12
2015.12.23 03:59:58.870,9.54369,9.55148,1.00,1.12
