2013.09.23 03:00:16.877,8.01217,8.01623,1.50,1.50
2013.09.23 03:00:18.176,8.01217,8.01623,1.50,1.50
2013.09.23 03:00:46.637,8.01217,8.01623,1.50,1.50
2013.09.23 03:01:15.196,8.01217,8.01623,1.50,1.50
2013.09.23 03:01:43.655,8.01217,8.01623,1.50,1.50
2013.09.23 03:02:12.206,8.01218,8.01622,1.50,1.50
2013.09.23 03:02:39.456,8.01218,8.01622,1.50,1.50
2013.09.23 03:02:40.765,8.01217,8.01623,1.50,1.50
2013.09.23 03:03:07.889,8.01217,8.01623,1.50,1.50
2013.09.23 03:03:09.216,8.01217,8.01623,1.50,1.50
2013.09.23 03:03:36.435,8.01217,8.01623,1.50,1.50
2013.09.23 03:03:37.726,8.01217,8.01623,1.50,1.50
2013.09.23 03:04:33.447,8.01217,8.01623,1.50,1.50
2013.09.23 03:04:34.735,8.01218,8.01622,1.50,1.50
2013.09.23 03:05:30.385,8.01217,8.01623,1.50,1.50
2013.09.23 03:05:31.716,8.01218,8.01622,1.50,1.50
2013.09.23 03:05:58.945,8.01217,8.01623,1.50,1.50
2013.09.23 03:06:00.179,8.01217,8.01623,1.50,1.50
2013.09.23 03:06:27.387,8.01218,8.01622,1.50,1.50
2013.09.23 03:06:55.925,8.01218,8.01622,1.50,1.50
2013.09.23 03:07:54.266,8.01218,8.01622,1.50,1.50
2013.09.23 03:08:22.657,8.01218,8.01622,1.50,1.50
2013.09.23 03:09:19.776,8.01218,8.01622,1.50,1.50
2013.09.23 03:09:47.006,8.01218,8.01622,1.50,1.50
2013.09.23 03:10:16.714,8.01218,8.01622,1.50,1.50
2013.09.23 03:10:44.046,8.01217,8.01623,1.50,1.50
2013.09.23 03:11:12.527,8.01217,8.01623,1.50,1.50
2013.09.23 03:11:13.725,8.01218,8.01622,1.50,1.50
2013.09.23 03:11:40.963,8.01218,8.01622,1.50,1.50
2013.09.23 03:12:09.425,8.01217,8.01623,1.50,1.50
2013.09.23 03:12:10.758,8.01217,8.01623,1.50,1.50
2013.09.23 03:13:07.836,8.01218,8.01622,1.50,1.50
2013.09.23 03:13:34.977,8.01217,8.01623,1.50,1.50
2013.09.23 03:13:36.277,8.01218,8.01622,1.50,1.50
2013.09.23 03:14:04.757,8.01218,8.01622,1.50,1.50
2013.09.23 03:14:31.996,8.01217,8.01623,1.50,1.50
2013.09.23 03:14:33.277,8.01217,8.01623,1.50,1.50
2013.09.23 03:15:57.887,8.01218,8.01622,1.50,1.50
2013.09.23 03:15:58.710,8.01218,8.01622,1.50,1.50
2013.09.23 03:16:25.974,8.01218,8.01622,1.50,1.50
2013.09.23 03:16:27.176,8.01218,8.01622,1.50,1.50
2013.09.23 03:17:24.181,8.01217,8.01623,1.50,1.50
2013.09.23 03:17:52.876,8.01217,8.01623,1.50,1.50
2013.09.23 03:20:43.817,8.01218,8.01622,1.50,1.50
2013.09.23 03:21:40.765,8.01217,8.01623,1.50,1.50
2013.09.23 03:22:09.209,8.01217,8.01623,1.50,1.50
2013.09.23 03:23:04.999,8.01218,8.01622,1.50,1.50
2013.09.23 03:24:01.981,8.01218,8.01622,1.50,1.50
2013.09.23 03:24:03.407,8.01218,8.01622,1.50,1.50
2013.09.23 03:24:04.939,8.01237,8.01613,1.50,2.25
2013.09.23 03:24:58.962,8.01238,8.01612,1.50,1.50
2013.09.23 03:25:00.363,8.01237,8.01613,1.50,2.25
2013.09.23 03:25:05.735,8.01218,8.01612,1.50,1.50
2013.09.23 03:25:57.438,8.01217,8.01613,1.50,1.50
2013.09.23 03:26:24.474,8.01217,8.01613,1.50,1.50
2013.09.23 03:27:22.855,8.01218,8.01612,1.50,1.50
2013.09.23 03:27:51.397,8.01217,8.01613,1.50,1.50
2013.09.23 03:28:18.538,8.01218,8.01612,1.50,1.50
2013.09.23 03:29:43.989,8.01218,8.01612,1.50,1.50
2013.09.23 03:30:12.599,8.01218,8.01612,1.50,1.50
2013.09.23 03:30:13.988,8.01218,8.01612,1.50,1.50
2013.09.23 03:30:41.029,8.01218,8.01612,1.50,1.50
2013.09.23 03:30:42.431,8.01217,8.01613,1.50,1.50
2013.09.23 03:31:09.568,8.01217,8.01613,1.50,1.50
2013.09.23 03:31:39.509,8.01217,8.01613,1.50,1.50
2013.09.23 03:32:07.949,8.01218,8.01612,1.50,1.50
2013.09.23 03:33:32.098,8.01217,8.01613,1.50,1.50
2013.09.23 03:33:33.935,8.01217,8.01613,1.50,1.50
2013.09.23 03:34:30.489,8.01218,8.01612,1.50,1.50
2013.09.23 03:34:59.018,8.01217,8.01613,1.50,1.50
2013.09.23 03:35:26.089,8.01218,8.01612,1.50,1.50
2013.09.23 03:35:54.586,8.01218,8.01612,1.50,1.50
2013.09.23 03:35:55.988,8.01218,8.01612,1.50,1.50
2013.09.23 03:36:24.437,8.01227,8.01613,1.13,1.50
2013.09.23 03:36:52.906,8.01218,8.01612,1.50,1.50
2013.09.23 03:37:21.551,8.01217,8.01613,1.88,1.50
2013.09.23 03:38:45.590,8.01217,8.01613,1.88,1.50
2013.09.23 03:39:14.019,8.01218,8.01612,1.50,1.50
2013.09.23 03:39:42.565,8.01218,8.01612,1.50,1.50
2013.09.23 03:40:39.522,8.01218,8.01612,1.50,1.50
2013.09.23 03:41:09.489,8.01227,8.01612,1.13,1.50
2013.09.23 03:41:36.629,8.01227,8.01612,1.13,1.50
2013.09.23 03:42:05.030,8.01227,8.01613,1.13,1.50
2013.09.23 03:42:33.589,8.01227,8.01612,1.13,1.50
2013.09.23 03:43:02.129,8.01218,8.01612,1.50,1.50
2013.09.23 03:43:03.529,8.01218,8.01612,1.50,1.50
2013.09.23 03:43:32.086,8.01217,8.01613,1.88,1.50
2013.09.23 03:43:59.099,8.01218,8.01612,1.50,1.50
2013.09.23 03:44:29.029,8.01218,8.01612,1.50,1.50
2013.09.23 03:45:53.180,8.01227,8.01612,1.13,1.50
2013.09.23 03:45:54.579,8.01227,8.01612,1.13,1.50
2013.09.23 03:46:23.020,8.01227,8.01612,1.13,1.50
2013.09.23 03:47:18.610,8.01227,8.01613,1.13,1.50
2013.09.23 03:47:20.010,8.01227,8.01613,1.13,1.50
2013.09.23 03:48:44.081,8.01227,8.01613,1.13,1.50
2013.09.23 03:49:04.220,8.01247,8.01612,1.50,2.25
2013.09.23 03:49:05.921,8.01247,8.01612,1.50,1.50
2013.09.23 03:49:24.191,8.01237,8.01613,1.50,1.50
2013.09.23 03:49:24.572,8.01278,8.01612,1.50,1.50
2013.09.23 03:49:31.082,8.01237,8.01613,1.50,1.50
2013.09.23 03:49:31.882,8.01237,8.01613,1.50,1.50
2013.09.23 03:49:32.872,8.01237,8.01612,1.50,1.50
2013.09.23 03:49:59.367,8.01238,8.01612,1.50,1.50
2013.09.23 03:50:27.903,8.01237,8.01612,1.88,2.25
2013.09.23 03:50:33.306,8.01237,8.01612,1.13,1.50
2013.09.23 03:51:08.049,8.01237,8.01612,1.13,1.50
2013.09.23 03:51:36.484,8.01237,8.01613,1.13,1.50
2013.09.23 03:52:33.546,8.01237,8.01613,1.13,1.50
2013.09.23 03:52:50.412,8.01237,8.01613,1.13,1.50
2013.09.23 03:53:01.979,8.01237,8.01613,1.13,1.50
2013.09.23 03:53:19.003,8.01237,8.01613,1.13,1.50
2013.09.23 03:53:27.694,8.01238,8.01612,1.13,1.50
2013.09.23 03:53:28.243,8.01248,8.01612,1.50,1.50
2013.09.23 03:53:29.249,8.01248,8.01613,1.50,2.25
2013.09.23 03:53:30.553,8.01247,8.01612,1.50,1.50
2013.09.23 03:53:58.971,8.01248,8.01612,1.50,1.50
2013.09.23 03:54:24.601,8.01248,8.01613,1.13,2.25
2013.09.23 03:54:27.623,8.01248,8.01613,1.88,2.25
2013.09.23 03:54:30.578,8.01248,8.01613,1.13,1.50
2013.09.23 03:54:53.140,8.01247,8.01613,1.13,1.50
2013.09.23 03:55:21.703,8.01248,8.01612,1.13,1.50
2013.09.23 03:55:50.111,8.01247,8.01613,1.13,1.50
2013.09.23 03:55:53.062,8.01248,8.01612,1.13,1.50
2013.09.23 03:56:21.572,8.01247,8.01612,1.13,1.50
2013.09.23 03:56:24.243,8.01228,8.01612,1.50,1.50
2013.09.23 03:56:47.094,8.01238,8.01612,1.13,1.50
2013.09.23 03:56:50.002,8.01328,8.01612,1.50,1.50
2013.09.23 03:56:52.723,8.01308,8.01593,1.50,2.25
2013.09.23 03:56:52.843,8.01247,8.01593,3.00,2.25
2013.09.23 03:56:53.354,8.01257,8.01593,1.50,2.25
2013.09.23 03:56:53.854,8.01257,8.01593,1.50,2.25
2013.09.23 03:56:54.183,8.01248,8.01593,1.50,2.25
2013.09.23 03:56:54.901,8.01257,8.01593,1.50,2.25
2013.09.23 03:56:56.033,8.01258,8.01593,1.50,2.25
2013.09.23 03:56:56.993,8.01258,8.01593,1.50,2.25
2013.09.23 03:57:04.713,8.01342,8.01593,1.50,2.25
2013.09.23 03:57:05.124,8.01372,8.01618,1.50,1.50
2013.09.23 03:57:09.503,8.01372,8.01592,1.50,1.50
2013.09.23 03:57:09.564,8.01332,8.01592,2.43,2.25
2013.09.23 03:57:09.683,8.01248,8.01592,3.00,2.25
2013.09.23 03:57:11.904,8.01248,8.01592,3.00,2.25
2013.09.23 03:57:17.344,8.01248,8.01592,3.00,2.25
2013.09.23 03:57:17.405,8.01248,8.01592,2.25,2.25
2013.09.23 03:57:17.583,8.01248,8.01592,2.25,2.25
2013.09.23 03:57:17.704,8.01248,8.01592,3.00,3.00
2013.09.23 03:57:18.944,8.01248,8.01592,3.00,3.00
2013.09.23 03:57:21.183,8.01248,8.01592,2.25,1.50
2013.09.23 03:57:22.844,8.01248,8.01592,2.25,1.50
2013.09.23 03:57:25.814,8.01248,8.01592,2.25,1.50
2013.09.23 03:57:29.613,8.01248,8.01592,1.50,1.50
2013.09.23 03:57:29.674,8.01248,8.01573,1.50,1.50
2013.09.23 03:57:30.033,8.01248,8.01573,1.50,1.50
2013.09.23 03:57:37.704,8.01218,8.01542,2.25,2.25
2013.09.23 03:57:37.823,8.01218,8.01523,1.50,1.50
2013.09.23 03:57:38.618,8.01218,8.01512,2.25,1.50
2013.09.23 03:57:44.313,8.01217,8.01542,1.50,1.50
2013.09.23 03:57:46.823,8.01237,8.01542,1.50,1.50
2013.09.23 03:57:52.933,8.01217,8.01542,2.25,1.50
2013.09.23 03:57:53.053,8.01217,8.01523,2.25,1.50
2013.09.23 03:57:53.413,8.01218,8.01512,1.50,1.50
2013.09.23 03:58:06.794,8.01218,8.01472,1.50,1.50
2013.09.23 03:58:07.153,8.01218,8.01462,1.50,1.50
2013.09.23 03:58:11.987,8.01218,8.01512,1.50,1.50
2013.09.23 03:58:14.148,8.01247,8.01593,1.50,2.25
2013.09.23 03:58:15.905,8.01247,8.01593,2.25,2.25
2013.09.23 03:58:25.903,8.01247,8.01593,1.50,2.25
2013.09.23 03:58:25.963,8.01217,8.01492,1.50,1.50
2013.09.23 03:58:26.274,8.01197,8.01443,1.50,1.50
2013.09.23 03:58:29.304,8.01218,8.01492,1.50,1.50
2013.09.23 03:58:29.364,8.01248,8.01532,1.50,1.83
2013.09.23 03:58:29.423,8.01248,8.01592,1.50,2.25
2013.09.23 03:58:31.793,8.01248,8.01592,2.25,2.25
2013.09.23 03:58:32.944,8.01248,8.01592,2.25,2.25
2013.09.23 03:58:45.964,8.01218,8.01512,1.50,1.50
2013.09.23 03:58:46.323,8.01218,8.01462,1.50,1.50
2013.09.23 03:58:50.494,8.01198,8.01442,1.50,1.50
2013.09.23 03:59:00.083,8.01217,8.01463,1.50,1.50
2013.09.23 03:59:12.744,8.01248,8.01463,1.50,1.50
2013.09.23 03:59:12.804,8.01266,8.01592,2.49,1.50
