2016.12.14 10:00:00.011,8.97164,8.97384,1.00,1.37
2016.12.14 10:00:00.163,8.9716,8.97372,1.00,1.37
2016.12.14 10:00:00.387,8.9716,8.97376,1.37,1.37
2016.12.14 10:00:00.742,8.97157,8.97356,1.00,1.37
2016.12.14 10:00:00.793,8.97174,8.97356,1.00,1.37
2016.12.14 10:00:00.844,8.97164,8.97357,1.00,1.37
2016.12.14 10:00:00.945,8.97157,8.97356,1.00,1.37
2016.12.14 10:00:00.996,8.97177,8.97356,1.00,1.37
2016.12.14 10:00:01.097,8.97177,8.97356,1.00,1.00
2016.12.14 10:00:01.356,8.97176,8.97357,1.87,1.00
2016.12.14 10:00:01.519,8.97177,8.97376,1.00,1.00
2016.12.14 10:00:01.722,8.9718,8.97376,1.00,1.00
2016.12.14 10:00:01.976,8.97183,8.97386,1.00,1.00
2016.12.14 10:00:02.028,8.9718,8.97384,1.00,1.00
2016.12.14 10:00:02.080,8.97178,8.97384,1.00,1.00
2016.12.14 10:00:02.131,8.97184,8.97384,1.00,1.00
2016.12.14 10:00:02.182,8.97177,8.97384,1.00,1.00
2016.12.14 10:00:02.343,8.97176,8.97387,1.50,1.00
2016.12.14 10:00:02.602,8.97177,8.97386,1.37,1.50
2016.12.14 10:00:02.653,8.97177,8.97386,1.00,1.00
2016.12.14 10:00:02.755,8.97176,8.97377,1.87,1.00
2016.12.14 10:00:02.806,8.97177,8.97376,1.37,1.00
2016.12.14 10:00:02.857,8.97177,8.97366,1.00,1.00
2016.12.14 10:00:03.009,8.97174,8.97367,1.00,1.00
2016.12.14 10:00:03.060,8.97164,8.97366,1.00,1.00
2016.12.14 10:00:03.111,8.97177,8.97366,1.37,1.00
2016.12.14 10:00:03.161,8.97177,8.97366,1.00,1.00
2016.12.14 10:00:03.414,8.97177,8.97366,1.37,1.00
2016.12.14 10:00:03.465,8.97177,8.97366,1.00,1.00
2016.12.14 10:00:03.718,8.97177,8.97366,1.37,1.00
2016.12.14 10:00:03.770,8.97176,8.97366,1.00,1.00
2016.12.14 10:00:03.898,8.97157,8.97366,1.00,1.00
2016.12.14 10:00:03.951,8.97157,8.97376,1.00,1.00
2016.12.14 10:00:04.002,8.97177,8.97376,1.00,1.00
2016.12.14 10:00:04.053,8.97177,8.97386,1.00,1.00
2016.12.14 10:00:04.104,8.97177,8.97378,1.00,1.00
2016.12.14 10:00:04.308,8.97164,8.97386,1.00,1.00
2016.12.14 10:00:04.359,8.97177,8.97386,1.37,1.00
2016.12.14 10:00:04.562,8.97157,8.97376,1.00,1.00
2016.12.14 10:00:04.765,8.97177,8.97376,1.00,1.00
2016.12.14 10:00:04.917,8.97157,8.97376,1.00,1.00
2016.12.14 10:00:05.069,8.97157,8.97366,1.00,1.00
2016.12.14 10:00:05.415,8.97176,8.97367,1.37,1.00
2016.12.14 10:00:05.466,8.97176,8.97366,1.00,1.00
2016.12.14 10:00:05.517,8.97158,8.97366,1.00,1.00
2016.12.14 10:00:05.973,8.97178,8.97366,1.00,1.00
2016.12.14 10:00:06.075,8.97178,8.97376,1.00,1.00
2016.12.14 10:00:06.176,8.97176,8.97376,1.00,1.00
2016.12.14 10:00:06.228,8.97158,8.97376,1.00,1.00
2016.12.14 10:00:06.329,8.97158,8.97378,1.00,1.00
2016.12.14 10:00:06.381,8.97164,8.97378,1.00,1.00
2016.12.14 10:00:06.694,8.97164,8.97372,1.00,1.00
2016.12.14 10:00:06.746,8.97158,8.97386,1.00,1.00
2016.12.14 10:00:06.797,8.97158,8.97375,1.00,1.00
2016.12.14 10:00:07.113,8.97176,8.97366,1.00,1.00
2016.12.14 10:00:07.164,8.97158,8.97366,1.00,1.00
2016.12.14 10:00:07.469,8.97178,8.97366,1.00,1.00
2016.12.14 10:00:07.672,8.97158,8.97366,1.00,1.00
2016.12.14 10:00:07.824,8.97178,8.97366,1.00,1.00
2016.12.14 10:00:08.027,8.97158,8.9737,1.00,1.00
2016.12.14 10:00:08.078,8.97158,8.97346,1.00,1.00
2016.12.14 10:00:08.526,8.97133,8.97346,1.00,1.00
2016.12.14 10:00:08.577,8.97122,8.97346,1.37,1.00
2016.12.14 10:00:08.628,8.97138,8.97346,1.00,1.00
2016.12.14 10:00:08.933,8.97158,8.97336,1.00,1.00
2016.12.14 10:00:09.085,8.97158,8.97346,1.00,1.00
2016.12.14 10:00:09.187,8.97144,8.97346,1.00,1.00
2016.12.14 10:00:09.238,8.97138,8.97346,1.00,1.00
2016.12.14 10:00:09.289,8.97138,8.97356,1.00,1.00
2016.12.14 10:00:09.341,8.97144,8.97356,1.00,1.00
2016.12.14 10:00:09.644,8.97158,8.97356,1.00,1.00
2016.12.14 10:00:09.980,8.97158,8.97346,1.00,1.00
2016.12.14 10:00:10.132,8.97138,8.97336,1.00,1.00
2016.12.14 10:00:10.233,8.97137,8.97347,1.00,1.00
2016.12.14 10:00:10.385,8.97158,8.97346,1.00,1.00
2016.12.14 10:00:10.689,8.97173,8.97346,1.00,1.00
2016.12.14 10:00:10.892,8.97153,8.97336,1.00,1.00
2016.12.14 10:00:11.301,8.97172,8.97337,1.00,1.00
2016.12.14 10:00:11.352,8.97171,8.97346,1.00,1.00
2016.12.14 10:00:11.403,8.97153,8.97346,1.00,1.00
2016.12.14 10:00:11.505,8.97171,8.97346,1.00,1.00
2016.12.14 10:00:11.808,8.97173,8.97346,1.00,1.00
2016.12.14 10:00:12.112,8.97152,8.97347,1.00,1.00
2016.12.14 10:00:12.366,8.97173,8.97346,1.00,1.00
2016.12.14 10:00:12.670,8.97173,8.97336,1.00,1.00
2016.12.14 10:00:12.771,8.97153,8.97336,1.00,1.00
2016.12.14 10:00:12.973,8.97173,8.97336,1.00,1.00
2016.12.14 10:00:13.327,8.97173,8.97346,1.00,1.00
2016.12.14 10:00:13.378,8.97153,8.97346,1.00,1.00
2016.12.14 10:00:13.429,8.97152,8.97367,1.00,1.00
2016.12.14 10:00:13.530,8.97173,8.97366,1.00,1.00
2016.12.14 10:00:13.994,8.97173,8.97356,1.00,1.00
2016.12.14 10:00:14.464,8.97173,8.97366,1.00,1.00
2016.12.14 10:00:15.441,8.97173,8.97376,1.37,1.00
2016.12.14 10:00:15.492,8.97173,8.97376,1.00,1.00
2016.12.14 10:00:15.593,8.97193,8.97376,1.00,1.00
2016.12.14 10:00:15.745,8.97173,8.97376,1.00,1.50
2016.12.14 10:00:15.948,8.97193,8.97376,1.00,1.00
2016.12.14 10:00:16.101,8.9719,8.97376,1.00,1.00
2016.12.14 10:00:16.262,8.97173,8.97376,1.00,1.00
2016.12.14 10:00:16.369,8.97193,8.97376,1.00,1.00
2016.12.14 10:00:16.622,8.97191,8.97376,1.00,1.00
2016.12.14 10:00:16.674,8.97172,8.97367,1.00,1.00
2016.12.14 10:00:16.776,8.97193,8.97366,1.00,1.00
2016.12.14 10:00:16.978,8.97191,8.97366,1.00,1.00
2016.12.14 10:00:17.030,8.97173,8.97366,1.00,1.00
2016.12.14 10:00:17.384,8.97193,8.97366,1.00,1.00
2016.12.14 10:00:17.536,8.97173,8.97366,1.00,1.00
2016.12.14 10:00:17.689,8.97193,8.97366,1.00,1.00
2016.12.14 10:00:17.792,8.97193,8.97376,1.00,1.00
2016.12.14 10:00:17.990,8.97173,8.97376,1.00,1.00
2016.12.14 10:00:18.243,8.97173,8.97369,1.00,1.00
2016.12.14 10:00:18.446,8.97173,8.97376,1.00,1.00
2016.12.14 10:00:18.497,8.97193,8.97376,1.00,1.00
2016.12.14 10:00:18.699,8.97173,8.97376,1.00,1.00
2016.12.14 10:00:18.750,8.97173,8.97376,1.37,1.00
2016.12.14 10:00:19.054,8.97173,8.97366,1.00,1.00
2016.12.14 10:00:19.272,8.97173,8.97375,1.00,1.00
2016.12.14 10:00:19.373,8.97172,8.97377,1.00,1.00
2016.12.14 10:00:19.525,8.97173,8.97372,1.00,1.00
2016.12.14 10:00:19.729,8.97173,8.97376,1.00,1.00
2016.12.14 10:00:19.830,8.97173,8.97366,1.00,1.00
2016.12.14 10:00:20.236,8.97173,8.97356,1.00,1.00
2016.12.14 10:00:21.234,8.97172,8.97367,1.00,1.00
2016.12.14 10:00:21.614,8.97193,8.97366,1.00,1.00
2016.12.14 10:00:21.968,8.97191,8.97366,1.00,1.00
2016.12.14 10:00:22.019,8.97173,8.97366,1.00,1.00
2016.12.14 10:00:22.225,8.97193,8.97366,1.00,1.00
2016.12.14 10:00:22.276,8.97192,8.97377,1.00,1.00
2016.12.14 10:00:22.428,8.97173,8.97376,1.00,1.00
2016.12.14 10:00:22.580,8.97193,8.97376,1.00,1.00
2016.12.14 10:00:22.783,8.97191,8.97376,1.00,1.00
2016.12.14 10:00:22.884,8.97168,8.97376,1.00,1.00
2016.12.14 10:00:22.986,8.97188,8.97376,1.00,1.00
2016.12.14 10:00:23.289,8.97188,8.97372,1.00,1.00
2016.12.14 10:00:23.340,8.97188,8.97376,1.00,1.00
2016.12.14 10:00:23.846,8.97188,8.97369,1.00,1.00
2016.12.14 10:00:24.073,8.97187,8.97377,1.00,1.00
2016.12.14 10:00:24.579,8.97188,8.97374,1.00,1.00
2016.12.14 10:00:24.731,8.97188,8.97376,1.00,1.00
2016.12.14 10:00:25.237,8.97187,8.97377,1.00,1.00
2016.12.14 10:00:25.340,8.97188,8.97374,1.00,1.00
2016.12.14 10:00:25.542,8.97188,8.97376,1.00,1.00
2016.12.14 10:00:26.048,8.97188,8.97372,1.00,1.00
2016.12.14 10:00:26.201,8.97187,8.97377,1.00,1.00
2016.12.14 10:00:26.608,8.97188,8.97375,1.00,1.00
2016.12.14 10:00:26.761,8.97187,8.97377,1.00,1.00
2016.12.14 10:00:26.864,8.97188,8.97374,1.00,1.00
2016.12.14 10:00:27.066,8.97187,8.97377,1.00,1.00
2016.12.14 10:00:27.573,8.97188,8.97376,1.00,1.00
2016.12.14 10:00:27.674,8.97188,8.97376,1.37,1.00
2016.12.14 10:00:27.725,8.97188,8.97376,1.00,1.00
2016.12.14 10:00:28.492,8.97187,8.97375,1.00,1.00
2016.12.14 10:00:28.594,8.97188,8.97386,1.00,1.00
2016.12.14 10:00:28.747,8.97188,8.97383,1.00,1.00
2016.12.14 10:00:28.848,8.97188,8.97386,1.00,1.00
2016.12.14 10:00:29.355,8.97187,8.97379,1.00,1.00
2016.12.14 10:00:29.508,8.97188,8.97386,1.00,1.00
2016.12.14 10:00:29.610,8.97188,8.97376,1.00,1.00
2016.12.14 10:00:30.612,8.97188,8.97386,1.00,1.00
2016.12.14 10:00:31.723,8.97188,8.97376,1.00,1.00
2016.12.14 10:00:32.916,8.97188,8.97371,1.00,1.00
2016.12.14 10:00:33.118,8.97188,8.97376,1.00,1.00
2016.12.14 10:00:33.371,8.97188,8.97379,1.00,1.00
2016.12.14 10:00:33.423,8.97187,8.97387,1.00,1.00
2016.12.14 10:00:33.625,8.97187,8.97385,1.00,1.00
2016.12.14 10:00:33.929,8.97188,8.97382,1.00,1.00
2016.12.14 10:00:34.183,8.97188,8.97386,1.00,1.00
2016.12.14 10:00:34.234,8.97188,8.97368,1.00,1.00
2016.12.14 10:00:34.336,8.97188,8.97376,1.00,1.00
2016.12.14 10:00:34.530,8.97188,8.97372,1.00,1.00
2016.12.14 10:00:34.582,8.97188,8.97376,1.00,1.00
2016.12.14 10:00:34.885,8.97188,8.97374,1.00,1.00
2016.12.14 10:00:35.139,8.97187,8.97377,1.00,1.00
2016.12.14 10:00:35.291,8.97188,8.97369,1.00,1.00
2016.12.14 10:00:35.544,8.97188,8.97376,1.00,1.00
2016.12.14 10:00:35.747,8.97188,8.97372,1.00,1.00
2016.12.14 10:00:36.729,8.97188,8.97376,1.00,1.00
2016.12.14 10:00:36.881,8.97188,8.9737,1.00,1.00
2016.12.14 10:00:37.185,8.97187,8.97377,1.00,1.00
2016.12.14 10:00:37.691,8.97188,8.97376,1.00,1.00
2016.12.14 10:00:38.212,8.97187,8.97377,1.00,1.00
2016.12.14 10:00:38.364,8.97188,8.97372,1.00,1.00
2016.12.14 10:00:38.617,8.97188,8.97376,1.00,1.00
2016.12.14 10:00:38.769,8.97188,8.97368,1.00,1.00
2016.12.14 10:00:38.921,8.97188,8.97376,1.00,1.00
2016.12.14 10:00:39.427,8.97188,8.97375,1.00,1.00
2016.12.14 10:00:39.957,8.97188,8.97376,1.00,1.00
2016.12.14 10:00:40.514,8.97187,8.97377,1.00,1.00
2016.12.14 10:00:41.021,8.97188,8.97376,1.00,1.00
2016.12.14 10:00:41.425,8.97188,8.97372,1.00,1.00
2016.12.14 10:00:41.601,8.97188,8.97376,1.00,1.00
2016.12.14 10:00:42.411,8.97187,8.97377,1.00,1.00
2016.12.14 10:00:42.916,8.97188,8.97376,1.00,1.00
2016.12.14 10:00:44.893,8.97187,8.97377,1.00,1.00
2016.12.14 10:00:45.430,8.97188,8.97376,1.00,1.00
2016.12.14 10:00:46.300,8.97187,8.97377,1.00,1.00
2016.12.14 10:00:46.819,8.97188,8.97376,1.00,1.00
2016.12.14 10:00:47.507,8.97187,8.97377,1.00,1.00
2016.12.14 10:00:48.063,8.97188,8.97376,1.00,1.00
2016.12.14 10:00:49.636,8.97187,8.97377,1.00,1.00
2016.12.14 10:00:50.141,8.97188,8.97376,1.00,1.00
2016.12.14 10:00:52.731,8.97188,8.97386,1.00,1.00
2016.12.14 10:00:53.439,8.97215,8.97386,1.00,1.00
2016.12.14 10:00:53.742,8.97215,8.97383,1.00,1.00
2016.12.14 10:00:53.793,8.97215,8.97391,1.00,1.00
2016.12.14 10:00:53.996,8.97195,8.97386,1.00,1.50
2016.12.14 10:00:54.148,8.97195,8.97391,1.00,1.00
2016.12.14 10:00:54.337,8.97195,8.97385,1.00,1.00
2016.12.14 10:00:54.640,8.97215,8.97385,1.00,1.00
2016.12.14 10:00:54.691,8.97195,8.97385,1.00,1.00
2016.12.14 10:00:54.742,8.97194,8.97377,1.00,1.00
2016.12.14 10:00:55.289,8.97195,8.97376,1.00,1.00
2016.12.14 10:00:55.601,8.97214,8.97377,1.00,1.00
2016.12.14 10:00:55.753,8.97215,8.97386,1.00,1.00
2016.12.14 10:00:55.855,8.97195,8.97386,1.00,1.00
2016.12.14 10:00:56.108,8.97215,8.97386,1.00,1.00
2016.12.14 10:00:56.577,8.97195,8.97386,1.00,1.50
2016.12.14 10:00:56.739,8.97195,8.97376,1.00,1.00
2016.12.14 10:00:57.295,8.97215,8.97376,1.00,1.00
2016.12.14 10:00:57.447,8.97195,8.97376,1.00,1.00
2016.12.14 10:00:59.412,8.97215,8.97376,1.00,1.00
2016.12.14 10:00:59.463,8.97215,8.97387,1.00,1.00
2016.12.14 10:00:59.665,8.97195,8.97387,1.00,1.00
2016.12.14 10:00:59.716,8.97195,8.97391,1.00,1.00
2016.12.14 10:00:59.869,8.97195,8.97382,1.00,1.00
2016.12.14 10:01:00.122,8.97195,8.97391,1.00,1.00
2016.12.14 10:01:00.274,8.97195,8.97386,1.00,1.00
2016.12.14 10:01:00.479,8.97195,8.97391,1.00,1.00
2016.12.14 10:01:00.530,8.97195,8.97376,1.00,1.00
2016.12.14 10:01:00.986,8.97219,8.97376,1.00,1.00
2016.12.14 10:01:01.445,8.97219,8.97391,1.00,1.50
2016.12.14 10:01:02.480,8.97219,8.97386,1.00,1.00
2016.12.14 10:01:03.593,8.97218,8.97387,1.50,1.00
2016.12.14 10:01:04.122,8.97219,8.97386,1.00,1.00
2016.12.14 10:01:06.320,8.97218,8.97387,1.50,1.00
2016.12.14 10:01:06.978,8.97219,8.97386,1.00,1.00
2016.12.14 10:01:07.585,8.97218,8.97387,1.50,1.00
2016.12.14 10:01:08.174,8.97219,8.97386,1.00,1.00
2016.12.14 10:01:08.882,8.97218,8.97387,1.50,1.00
2016.12.14 10:01:09.388,8.97219,8.97386,1.00,1.00
2016.12.14 10:01:12.084,8.97219,8.97376,1.00,1.00
2016.12.14 10:01:12.422,8.97218,8.97386,1.50,1.00
2016.12.14 10:01:12.927,8.97219,8.97386,1.00,1.00
2016.12.14 10:01:14.140,8.97218,8.97387,1.50,1.00
2016.12.14 10:01:14.685,8.97219,8.97386,1.00,1.00
2016.12.14 10:01:15.091,8.97219,8.9739,1.00,1.00
2016.12.14 10:01:15.599,8.97219,8.97391,1.00,1.00
2016.12.14 10:01:16.064,8.97219,8.97386,1.00,1.00
2016.12.14 10:01:16.985,8.97218,8.97387,1.50,1.00
2016.12.14 10:01:17.491,8.97219,8.97386,1.00,1.00
2016.12.14 10:01:17.915,8.97219,8.97391,1.00,1.00
2016.12.14 10:01:18.424,8.97219,8.97391,1.00,1.60
2016.12.14 10:01:18.919,8.97218,8.97387,1.50,1.00
2016.12.14 10:01:19.451,8.97219,8.97386,1.00,1.00
2016.12.14 10:01:19.958,8.97219,8.97391,1.00,1.35
2016.12.14 10:01:20.059,8.97219,8.97396,1.00,1.00
2016.12.14 10:01:20.110,8.97214,8.97396,1.00,1.00
2016.12.14 10:01:20.212,8.97212,8.97397,1.00,1.00
2016.12.14 10:01:20.263,8.97212,8.97396,1.37,1.00
2016.12.14 10:01:20.364,8.97214,8.97396,1.50,1.00
2016.12.14 10:01:20.415,8.97214,8.97396,1.87,1.00
2016.12.14 10:01:20.466,8.97234,8.97396,1.00,1.00
2016.12.14 10:01:20.517,8.97214,8.97396,1.00,1.00
2016.12.14 10:01:20.568,8.97214,8.97396,1.37,1.00
2016.12.14 10:01:20.720,8.97214,8.97396,1.50,1.00
2016.12.14 10:01:20.821,8.97234,8.97396,1.00,1.00
2016.12.14 10:01:20.923,8.97214,8.97436,1.00,1.12
2016.12.14 10:01:21.116,8.97223,8.97436,1.00,1.00
2016.12.14 10:01:21.423,8.97239,8.97436,1.00,1.00
2016.12.14 10:01:21.730,8.97255,8.97436,1.00,1.00
2016.12.14 10:01:21.932,8.97255,8.97446,1.00,1.00
2016.12.14 10:01:22.337,8.97264,8.97446,1.00,1.00
2016.12.14 10:01:22.863,8.97282,8.97446,1.00,1.00
2016.12.14 10:01:22.965,8.97282,8.97466,1.00,1.00
2016.12.14 10:01:23.521,8.97281,8.97467,1.00,1.00
2016.12.14 10:01:23.927,8.97282,8.97476,1.00,1.00
2016.12.14 10:01:24.079,8.97287,8.97476,1.00,1.00
2016.12.14 10:01:24.434,8.97304,8.97476,1.00,1.00
2016.12.14 10:01:24.946,8.97304,8.97486,1.00,1.00
2016.12.14 10:01:26.210,8.97303,8.97487,1.00,1.00
2016.12.14 10:01:26.730,8.97304,8.97486,1.00,1.00
2016.12.14 10:01:27.811,8.97324,8.97487,1.00,1.00
2016.12.14 10:01:27.862,8.97325,8.97492,1.00,1.00
2016.12.14 10:01:27.963,8.97325,8.97496,1.00,1.00
2016.12.14 10:01:28.590,8.97324,8.97497,1.00,1.00
2016.12.14 10:01:28.743,8.97331,8.97496,1.00,1.00
2016.12.14 10:01:28.996,8.97325,8.97506,1.37,1.00
2016.12.14 10:01:29.098,8.97344,8.97507,1.50,1.00
2016.12.14 10:01:29.300,8.97328,8.97506,1.00,1.00
2016.12.14 10:01:29.856,8.97328,8.97496,1.00,1.00
2016.12.14 10:01:30.463,8.97327,8.97497,1.00,1.00
2016.12.14 10:01:30.975,8.97328,8.97496,1.00,1.00
2016.12.14 10:01:32.504,8.97327,8.97497,1.00,1.00
2016.12.14 10:01:33.033,8.97328,8.97496,1.00,1.00
2016.12.14 10:01:33.681,8.97327,8.97497,1.00,1.00
2016.12.14 10:01:34.211,8.97328,8.97496,1.00,1.00
2016.12.14 10:01:35.935,8.97327,8.97497,1.00,1.00
2016.12.14 10:01:36.497,8.97328,8.97496,1.00,1.00
2016.12.14 10:01:38.682,8.97327,8.97497,1.00,1.00
2016.12.14 10:01:39.188,8.97328,8.97496,1.00,1.00
2016.12.14 10:01:41.319,8.97327,8.97497,1.00,1.00
2016.12.14 10:01:41.849,8.97328,8.97496,1.00,1.00
2016.12.14 10:01:42.509,8.97327,8.97497,1.00,1.00
2016.12.14 10:01:44.605,8.97328,8.97496,1.00,1.00
2016.12.14 10:01:45.977,8.97328,8.97506,1.00,1.00
2016.12.14 10:01:46.079,8.97358,8.97506,1.00,1.00
2016.12.14 10:01:46.892,8.97356,8.97506,1.00,1.00
2016.12.14 10:01:46.943,8.97337,8.97507,1.00,1.00
2016.12.14 10:01:46.994,8.97358,8.97506,1.00,1.00
2016.12.14 10:01:52.203,8.97357,8.97507,1.00,1.00
2016.12.14 10:01:52.708,8.97358,8.97506,1.00,1.00
2016.12.14 10:01:53.403,8.97382,8.97507,1.00,1.00
2016.12.14 10:01:53.636,8.9738,8.97506,1.00,1.00
2016.12.14 10:01:53.687,8.97363,8.97506,1.00,1.00
2016.12.14 10:01:54.624,8.97362,8.97507,1.00,1.00
2016.12.14 10:01:55.130,8.97363,8.97506,1.00,1.00
2016.12.14 10:01:56.436,8.97362,8.97507,1.00,1.00
2016.12.14 10:01:56.948,8.97363,8.97506,1.00,1.00
2016.12.14 10:01:57.950,8.97362,8.97507,1.00,1.00
2016.12.14 10:01:58.473,8.97363,8.97506,1.00,1.00
2016.12.14 10:01:59.315,8.97361,8.97506,1.00,1.00
2016.12.14 10:01:59.367,8.97327,8.97496,1.00,1.00
2016.12.14 10:01:59.522,8.97347,8.97496,1.00,1.00
2016.12.14 10:02:00.147,8.97347,8.97477,1.00,1.00
2016.12.14 10:02:00.249,8.97347,8.9749,1.00,1.00
2016.12.14 10:02:00.754,8.9734,8.9749,1.00,1.00
2016.12.14 10:02:00.856,8.9734,8.97485,1.37,1.00
2016.12.14 10:02:00.907,8.9734,8.97485,1.00,1.00
2016.12.14 10:02:00.958,8.97327,8.97465,1.00,1.00
2016.12.14 10:02:01.059,8.97337,8.97487,1.00,1.00
2016.12.14 10:02:01.838,8.97348,8.97498,1.00,1.00
2016.12.14 10:02:07.196,8.97349,8.97498,1.00,1.00
2016.12.14 10:02:07.716,8.97348,8.97498,1.50,1.00
2016.12.14 10:02:08.222,8.97349,8.97498,1.00,1.00
2016.12.14 10:02:10.123,8.97348,8.97498,1.50,1.00
2016.12.14 10:02:11.975,8.97336,8.97488,1.00,1.00
2016.12.14 10:02:12.076,8.97351,8.97501,1.00,1.00
2016.12.14 10:02:12.683,8.9734,8.9749,1.00,1.00
2016.12.14 10:02:12.990,8.97352,8.97502,1.00,1.00
2016.12.14 10:02:14.197,8.9734,8.9749,1.00,1.00
2016.12.14 10:02:14.500,8.97338,8.97488,1.00,1.00
2016.12.14 10:02:14.846,8.9734,8.97479,1.00,1.00
2016.12.14 10:02:14.899,8.97348,8.97496,1.00,1.00
2016.12.14 10:02:15.000,8.97337,8.97487,1.00,1.00
2016.12.14 10:02:17.910,8.97348,8.97498,1.00,1.00
2016.12.14 10:02:18.874,8.97348,8.975,1.00,1.00
2016.12.14 10:02:19.986,8.97337,8.97487,1.00,1.00
2016.12.14 10:02:21.927,8.97337,8.97487,1.37,1.00
2016.12.14 10:02:21.978,8.97355,8.97506,1.00,1.00
2016.12.14 10:02:22.282,8.97345,8.97495,1.12,1.00
2016.12.14 10:02:22.687,8.97357,8.97506,1.00,1.00
2016.12.14 10:02:22.789,8.97346,8.97496,1.00,1.00
2016.12.14 10:02:24.219,8.97357,8.97506,1.00,1.00
2016.12.14 10:02:24.473,8.97346,8.97496,1.00,1.00
2016.12.14 10:02:24.575,8.97358,8.97506,1.00,1.00
2016.12.14 10:02:24.677,8.97347,8.97497,1.00,1.00
2016.12.14 10:02:24.778,8.97357,8.97506,1.00,1.00
2016.12.14 10:02:24.879,8.97346,8.97496,1.00,1.00
2016.12.14 10:02:25.103,8.97357,8.97507,1.00,1.50
2016.12.14 10:02:25.609,8.97346,8.97496,1.12,1.00
2016.12.14 10:02:26.014,8.97358,8.97506,1.00,1.00
2016.12.14 10:02:26.622,8.97358,8.97507,1.00,1.00
2016.12.14 10:02:26.826,8.97342,8.97492,1.00,1.00
2016.12.14 10:02:27.146,8.97342,8.97492,1.37,1.00
2016.12.14 10:02:27.197,8.97354,8.97504,1.00,1.00
2016.12.14 10:02:27.299,8.97342,8.97492,1.00,1.00
2016.12.14 10:02:28.008,8.97327,8.97474,1.00,1.00
2016.12.14 10:02:28.212,8.9735,8.975,1.00,1.00
2016.12.14 10:02:36.223,8.97361,8.97506,1.00,1.00
2016.12.14 10:02:36.529,8.97372,8.97506,1.00,1.00
2016.12.14 10:02:36.632,8.97362,8.97506,1.00,1.00
2016.12.14 10:02:37.036,8.97351,8.97501,1.00,1.00
2016.12.14 10:02:37.138,8.97361,8.97506,1.00,1.00
2016.12.14 10:02:38.831,8.97365,8.97506,1.00,1.00
2016.12.14 10:02:40.924,8.97365,8.97507,1.00,1.00
2016.12.14 10:02:44.472,8.97365,8.97506,1.00,1.00
2016.12.14 10:02:46.538,8.97365,8.97507,1.00,1.00
2016.12.14 10:02:46.742,8.9735,8.97494,1.00,1.00
2016.12.14 10:02:46.845,8.97372,8.97506,1.00,1.00
2016.12.14 10:02:46.947,8.9736,8.97506,1.00,1.00
2016.12.14 10:02:47.519,8.9736,8.97507,1.00,1.00
2016.12.14 10:02:48.028,8.9736,8.97506,1.00,1.00
2016.12.14 10:02:49.040,8.9736,8.97507,1.00,1.00
2016.12.14 10:02:49.563,8.9736,8.97506,1.00,1.00
2016.12.14 10:02:50.321,8.9736,8.97507,1.00,1.00
2016.12.14 10:02:50.875,8.9736,8.97506,1.00,1.00
2016.12.14 10:02:51.596,8.9736,8.97507,1.00,1.00
2016.12.14 10:02:52.204,8.9736,8.97506,1.00,1.00
2016.12.14 10:02:53.294,8.9736,8.97507,1.00,1.00
2016.12.14 10:02:53.820,8.9736,8.97506,1.00,1.00
2016.12.14 10:02:54.179,8.97373,8.97506,1.00,1.00
2016.12.14 10:02:54.541,8.9736,8.97506,1.00,1.00
2016.12.14 10:02:54.744,8.97373,8.97506,1.00,1.00
2016.12.14 10:02:54.874,8.97359,8.97506,1.00,1.00
2016.12.14 10:02:54.975,8.9737,8.97506,1.00,1.00
2016.12.14 10:02:55.077,8.97356,8.97506,1.00,1.50
2016.12.14 10:02:55.178,8.97367,8.97506,1.00,1.00
2016.12.14 10:02:57.129,8.97367,8.97507,1.00,1.00
2016.12.14 10:02:58.224,8.97367,8.97506,1.00,1.00
2016.12.14 10:02:58.376,8.97357,8.97507,1.00,1.50
2016.12.14 10:02:58.634,8.97373,8.97507,1.00,1.00
2016.12.14 10:02:58.989,8.97369,8.97506,1.00,1.00
2016.12.14 10:02:59.573,8.97358,8.97506,1.00,1.00
2016.12.14 10:02:59.776,8.97371,8.97506,1.00,1.00
2016.12.14 10:03:00.500,8.97371,8.97507,1.00,1.00
2016.12.14 10:03:00.701,8.97369,8.97506,1.00,1.00
2016.12.14 10:03:01.511,8.97369,8.97507,1.00,1.00
2016.12.14 10:03:01.779,8.97358,8.97506,1.00,1.00
2016.12.14 10:03:05.866,8.97358,8.97507,1.00,1.00
2016.12.14 10:03:06.069,8.9735,8.97496,1.00,1.00
2016.12.14 10:03:06.170,8.97359,8.97506,1.00,1.00
2016.12.14 10:03:06.988,8.9735,8.97497,1.00,1.00
2016.12.14 10:03:07.292,8.97373,8.97506,1.00,1.00
2016.12.14 10:03:07.393,8.97362,8.97506,1.00,1.00
2016.12.14 10:03:08.094,8.97373,8.97506,1.00,1.00
2016.12.14 10:03:08.825,8.97373,8.97507,1.00,1.00
2016.12.14 10:03:09.331,8.97373,8.97506,1.00,1.00
2016.12.14 10:03:09.483,8.97362,8.97507,1.00,1.00
2016.12.14 10:03:09.811,8.97372,8.97507,1.00,1.00
2016.12.14 10:03:10.324,8.97372,8.97506,1.00,1.00
2016.12.14 10:03:12.591,8.97384,8.97507,1.00,1.00
2016.12.14 10:03:12.692,8.97371,8.97506,1.00,1.00
2016.12.14 10:03:13.233,8.9737,8.97506,1.00,1.00
2016.12.14 10:03:18.996,8.97369,8.97507,1.50,1.00
2016.12.14 10:03:19.502,8.9737,8.97506,1.00,1.00
2016.12.14 10:03:20.007,8.97369,8.97507,1.50,1.00
2016.12.14 10:03:20.538,8.9737,8.97506,1.00,1.00
2016.12.14 10:03:22.121,8.97369,8.97507,1.50,1.00
2016.12.14 10:03:22.633,8.9737,8.97506,1.00,1.00
2016.12.14 10:03:23.922,8.97374,8.97506,1.00,1.00
2016.12.14 10:03:24.479,8.97374,8.97507,1.00,1.00
2016.12.14 10:03:24.732,8.9737,8.97506,1.00,1.00
2016.12.14 10:03:25.037,8.97374,8.97506,1.00,1.00
2016.12.14 10:03:25.928,8.9737,8.97506,1.00,1.00
2016.12.14 10:03:26.131,8.9737,8.9748,1.00,1.00
2016.12.14 10:03:26.738,8.97369,8.9748,1.50,1.00
2016.12.14 10:03:27.267,8.9737,8.9748,1.00,1.00
2016.12.14 10:03:28.213,8.97369,8.9748,1.50,1.00
2016.12.14 10:03:28.871,8.9737,8.9748,1.00,1.00
2016.12.14 10:03:32.188,8.97369,8.9748,1.00,1.00
2016.12.14 10:03:32.239,8.97361,8.9748,1.00,1.00
2016.12.14 10:03:36.526,8.97361,8.97481,1.00,1.00
2016.12.14 10:03:37.035,8.97357,8.97481,1.00,1.00
2016.12.14 10:03:37.136,8.97363,8.97481,1.00,1.00
2016.12.14 10:03:37.832,8.97357,8.97481,1.00,1.00
2016.12.14 10:03:37.934,8.97364,8.97481,1.00,1.00
2016.12.14 10:03:38.740,8.97357,8.97481,1.00,1.00
2016.12.14 10:03:38.842,8.97364,8.97481,1.00,1.00
2016.12.14 10:03:42.027,8.97357,8.97481,1.00,1.00
2016.12.14 10:03:42.130,8.97366,8.97481,1.00,1.00
2016.12.14 10:03:42.434,8.97357,8.97481,1.00,1.00
2016.12.14 10:03:43.092,8.97356,8.97481,1.50,1.00
2016.12.14 10:03:43.745,8.97357,8.97481,1.00,1.00
2016.12.14 10:03:44.050,8.97355,8.97481,1.00,1.00
2016.12.14 10:03:47.024,8.97355,8.9748,1.00,1.00
2016.12.14 10:03:58.279,8.97355,8.97455,1.00,1.00
2016.12.14 10:03:58.380,8.9734,8.97455,1.00,1.00
2016.12.14 10:03:58.431,8.9734,8.97439,1.00,1.00
2016.12.14 10:03:58.482,8.97329,8.97439,1.00,1.00
2016.12.14 10:03:58.584,8.97317,8.97439,1.00,1.00
2016.12.14 10:04:00.778,8.97306,8.97431,1.00,1.00
2016.12.14 10:04:00.880,8.97292,8.97431,1.00,1.00
2016.12.14 10:04:01.184,8.97292,8.97438,1.00,1.00
2016.12.14 10:04:01.336,8.97288,8.97438,1.00,1.00
2016.12.14 10:04:01.387,8.973,8.9745,1.00,1.00
2016.12.14 10:04:01.874,8.973,8.97433,1.00,1.00
2016.12.14 10:04:01.976,8.97292,8.97433,1.00,1.00
2016.12.14 10:04:02.330,8.97292,8.97437,1.00,1.00
2016.12.14 10:04:02.381,8.97299,8.97449,1.00,1.00
2016.12.14 10:04:16.215,8.97287,8.97437,1.00,1.00
2016.12.14 10:04:16.518,8.97304,8.97454,1.00,1.00
2016.12.14 10:04:17.209,8.97304,8.97451,1.00,1.00
2016.12.14 10:04:17.411,8.97304,8.97454,1.00,1.00
2016.12.14 10:04:18.798,8.973,8.9745,1.00,1.00
2016.12.14 10:04:29.102,8.973,8.97448,1.00,1.00
2016.12.14 10:04:30.016,8.973,8.9745,1.00,1.00
2016.12.14 10:04:37.584,8.97291,8.97439,1.50,1.00
2016.12.14 10:04:37.939,8.97299,8.97449,1.00,1.00
2016.12.14 10:04:38.228,8.97317,8.97449,1.00,1.00
2016.12.14 10:04:38.280,8.97317,8.97451,1.00,1.00
2016.12.14 10:04:38.331,8.97311,8.97451,1.00,1.00
2016.12.14 10:04:38.432,8.97311,8.97461,1.00,1.00
2016.12.14 10:04:38.889,8.97312,8.97464,1.00,1.50
2016.12.14 10:04:39.413,8.97317,8.97464,1.00,1.50
2016.12.14 10:04:41.038,8.97316,8.97464,1.50,1.00
2016.12.14 10:04:41.544,8.97317,8.97464,1.00,1.00
2016.12.14 10:04:42.324,8.97316,8.97464,1.50,1.00
2016.12.14 10:04:42.860,8.97317,8.97464,1.00,1.00
2016.12.14 10:04:43.989,8.97316,8.97464,1.50,1.00
2016.12.14 10:04:44.090,8.97324,8.97474,1.00,1.00
2016.12.14 10:04:45.206,8.97335,8.97483,1.00,1.00
2016.12.14 10:04:47.489,8.97347,8.97483,1.00,1.00
2016.12.14 10:04:47.641,8.97347,8.97485,1.00,1.00
2016.12.14 10:04:47.692,8.97348,8.97497,1.00,1.00
2016.12.14 10:04:55.119,8.97348,8.97484,1.00,1.00
2016.12.14 10:04:55.271,8.97346,8.97484,1.00,1.00
2016.12.14 10:04:55.322,8.97346,8.97487,1.00,1.00
2016.12.14 10:04:55.373,8.97337,8.97487,1.00,1.00
2016.12.14 10:04:55.424,8.97337,8.97479,1.00,1.00
2016.12.14 10:04:55.626,8.97326,8.97476,1.00,1.00
2016.12.14 10:04:57.627,8.97336,8.97486,1.00,1.00
2016.12.14 10:04:58.650,8.97336,8.97486,1.37,1.00
2016.12.14 10:04:58.701,8.97336,8.97486,1.00,1.00
2016.12.14 10:04:58.802,8.9734,8.9749,1.00,1.00
2016.12.14 10:05:03.828,8.97329,8.97479,1.00,1.00
2016.12.14 10:05:04.234,8.97341,8.97491,1.00,1.00
2016.12.14 10:05:08.349,8.9733,8.9748,1.00,1.00
2016.12.14 10:05:08.652,8.97336,8.97486,1.00,1.00
2016.12.14 10:05:09.006,8.97349,8.97499,1.00,1.00
2016.12.14 10:05:09.310,8.97336,8.97488,1.00,1.00
2016.12.14 10:05:10.459,8.97336,8.97488,1.37,1.00
2016.12.14 10:05:10.965,8.97336,8.97488,1.00,1.00
2016.12.14 10:05:12.295,8.97336,8.97488,1.37,1.00
2016.12.14 10:05:12.346,8.97336,8.97488,1.37,1.00
2016.12.14 10:05:12.549,8.97336,8.97488,1.37,1.00
2016.12.14 10:05:12.600,8.97336,8.97488,1.00,1.00
2016.12.14 10:05:14.363,8.97336,8.97488,1.37,1.00
2016.12.14 10:05:14.414,8.97336,8.97488,1.00,1.00
2016.12.14 10:05:15.915,8.97348,8.97498,1.00,1.00
2016.12.14 10:05:16.227,8.9733,8.9748,1.00,1.00
2016.12.14 10:05:18.829,8.97331,8.97481,1.00,1.00
2016.12.14 10:05:22.068,8.97341,8.97491,1.00,1.00
2016.12.14 10:05:22.376,8.97337,8.97487,1.00,1.00
2016.12.14 10:05:22.932,8.97325,8.97475,1.00,1.00
2016.12.14 10:05:23.434,8.97347,8.97495,1.00,1.00
2016.12.14 10:05:23.536,8.97347,8.97499,1.00,1.00
2016.12.14 10:05:23.940,8.97337,8.97489,1.00,1.00
2016.12.14 10:05:24.769,8.97337,8.97489,1.37,1.00
2016.12.14 10:05:24.820,8.97337,8.97489,1.00,1.00
2016.12.14 10:05:28.220,8.97337,8.97489,1.37,1.00
2016.12.14 10:05:28.575,8.97325,8.97477,1.00,1.00
2016.12.14 10:05:28.677,8.97338,8.97488,1.00,1.00
2016.12.14 10:05:29.184,8.97325,8.97475,1.00,1.00
2016.12.14 10:05:29.488,8.97337,8.97487,1.00,1.00
2016.12.14 10:05:30.000,8.97337,8.97487,1.37,1.00
2016.12.14 10:05:30.506,8.97337,8.97487,1.00,1.00
2016.12.14 10:05:31.369,8.97325,8.97475,1.00,1.00
2016.12.14 10:05:31.690,8.9734,8.9749,1.00,1.00
2016.12.14 10:05:33.863,8.97327,8.97477,1.00,1.00
2016.12.14 10:05:34.167,8.97338,8.97488,1.00,1.00
2016.12.14 10:05:35.077,8.97326,8.97476,1.37,1.00
2016.12.14 10:05:35.128,8.97326,8.97476,1.00,1.00
2016.12.14 10:05:35.179,8.97342,8.97492,1.00,1.00
2016.12.14 10:05:35.982,8.97331,8.97481,1.00,1.00
2016.12.14 10:05:36.286,8.97345,8.97495,1.00,1.00
2016.12.14 10:05:37.955,8.97333,8.97483,1.00,1.00
2016.12.14 10:05:38.259,8.97345,8.97495,1.00,1.00
2016.12.14 10:05:38.664,8.97334,8.97484,1.00,1.00
2016.12.14 10:05:38.869,8.97328,8.9748,1.00,1.00
2016.12.14 10:05:39.792,8.9734,8.9749,1.00,1.00
2016.12.14 10:05:40.677,8.97327,8.97479,1.00,1.00
2016.12.14 10:05:42.696,8.97338,8.9749,1.00,1.00
2016.12.14 10:05:43.000,8.97326,8.97476,1.00,1.00
2016.12.14 10:05:44.520,8.97326,8.97461,1.00,1.00
2016.12.14 10:05:44.672,8.97302,8.97441,1.00,1.00
2016.12.14 10:05:44.875,8.97273,8.97423,1.00,1.00
2016.12.14 10:05:46.992,8.97286,8.97438,1.00,1.00
2016.12.14 10:05:47.094,8.97298,8.97448,1.00,1.00
2016.12.14 10:05:47.400,8.9731,8.9746,1.00,1.00
2016.12.14 10:05:47.791,8.97322,8.97472,1.00,1.00
2016.12.14 10:05:49.308,8.97333,8.97483,1.00,1.00
2016.12.14 10:05:58.612,8.9732,8.9747,1.00,1.00
2016.12.14 10:05:58.915,8.97327,8.97477,1.00,1.00
2016.12.14 10:05:59.803,8.97343,8.97493,1.00,1.00
2016.12.14 10:06:00.107,8.97332,8.97482,1.00,1.00
2016.12.14 10:06:00.511,8.97321,8.97471,1.00,1.00
2016.12.14 10:06:07.252,8.97341,8.97491,1.00,1.00
2016.12.14 10:06:07.556,8.97336,8.97486,1.00,1.00
2016.12.14 10:06:07.961,8.97325,8.97475,1.37,1.00
2016.12.14 10:06:08.012,8.97325,8.97475,1.37,1.00
2016.12.14 10:06:08.164,8.97341,8.97491,1.00,1.00
2016.12.14 10:06:08.265,8.97329,8.97479,1.00,1.00
2016.12.14 10:06:08.569,8.97338,8.97488,1.00,1.00
2016.12.14 10:06:08.902,8.97327,8.97477,1.00,1.00
2016.12.14 10:06:13.773,8.97342,8.97492,1.00,1.00
2016.12.14 10:06:14.076,8.97335,8.97485,1.00,1.00
2016.12.14 10:06:14.380,8.9733,8.9748,1.00,1.00
2016.12.14 10:06:14.797,8.9733,8.9748,1.37,1.00
2016.12.14 10:06:14.848,8.97342,8.97492,1.00,1.00
2016.12.14 10:06:15.108,8.97332,8.97482,1.00,1.00
2016.12.14 10:06:17.459,8.97343,8.97493,1.00,1.00
2016.12.14 10:06:17.864,8.97327,8.97479,1.00,1.00
2016.12.14 10:06:18.169,8.97343,8.97493,1.00,1.00
2016.12.14 10:06:18.473,8.97328,8.97478,1.00,1.00
2016.12.14 10:06:18.978,8.97332,8.97484,1.00,1.00
2016.12.14 10:06:21.577,8.97322,8.97472,1.00,1.00
2016.12.14 10:06:24.091,8.97335,8.97485,1.00,1.00
2016.12.14 10:06:24.437,8.97324,8.97474,1.00,1.00
2016.12.14 10:06:24.993,8.97324,8.97474,1.37,1.00
2016.12.14 10:06:25.094,8.97336,8.97486,1.00,1.00
2016.12.14 10:06:25.196,8.97324,8.97476,1.00,1.00
2016.12.14 10:06:25.802,8.97343,8.97493,1.00,1.00
2016.12.14 10:06:26.175,8.97332,8.97482,1.00,1.00
2016.12.14 10:06:27.542,8.9734,8.97482,1.00,1.00
2016.12.14 10:06:27.694,8.97343,8.97493,1.00,1.00
2016.12.14 10:06:27.745,8.97343,8.97493,1.37,1.00
2016.12.14 10:06:28.070,8.97357,8.97493,1.00,1.00
2016.12.14 10:06:28.121,8.97343,8.97493,1.00,1.00
2016.12.14 10:06:28.685,8.97357,8.97493,1.00,1.00
2016.12.14 10:06:29.089,8.97343,8.97493,1.50,1.00
2016.12.14 10:06:29.291,8.97357,8.97493,1.00,1.00
2016.12.14 10:06:30.919,8.97343,8.97493,1.50,1.00
2016.12.14 10:06:31.071,8.97362,8.97493,1.00,1.00
2016.12.14 10:06:31.779,8.97343,8.97493,1.50,1.00
2016.12.14 10:06:32.035,8.97358,8.97493,1.00,1.00
2016.12.14 10:06:32.187,8.97343,8.97493,1.00,1.00
2016.12.14 10:06:38.817,8.97338,8.97488,1.00,1.00
2016.12.14 10:07:18.889,8.97334,8.97486,1.00,1.00
2016.12.14 10:07:20.783,8.97323,8.97473,1.00,1.00
2016.12.14 10:07:29.390,8.97311,8.97463,1.00,1.00
2016.12.14 10:07:32.518,8.97306,8.97452,1.00,1.00
2016.12.14 10:07:33.632,8.97312,8.97462,1.00,1.00
2016.12.14 10:07:33.837,8.97328,8.97478,1.00,1.00
2016.12.14 10:07:38.954,8.97332,8.97482,1.00,1.00
2016.12.14 10:08:05.763,8.97343,8.97493,1.00,1.00
2016.12.14 10:08:11.083,8.97344,8.97493,1.00,1.00
2016.12.14 10:08:11.388,8.97354,8.97493,1.00,1.00
2016.12.14 10:08:11.439,8.97344,8.97493,1.50,1.00
2016.12.14 10:08:11.490,8.97356,8.97506,1.00,1.00
2016.12.14 10:08:12.365,8.97344,8.97495,1.00,1.00
2016.12.14 10:08:15.934,8.97343,8.97495,1.00,1.00
2016.12.14 10:08:15.985,8.97362,8.97512,1.00,1.00
2016.12.14 10:08:16.288,8.97351,8.97501,1.00,1.00
2016.12.14 10:08:18.872,8.97353,8.97503,1.00,1.00
2016.12.14 10:08:30.889,8.97339,8.97489,1.00,1.00
2016.12.14 10:08:31.293,8.97357,8.97504,1.00,1.00
2016.12.14 10:08:31.395,8.97366,8.97516,1.00,1.00
2016.12.14 10:08:31.496,8.97377,8.97527,1.00,1.00
2016.12.14 10:08:31.800,8.97366,8.97516,1.00,1.00
2016.12.14 10:08:33.240,8.97366,8.97516,1.37,1.00
2016.12.14 10:08:33.291,8.97366,8.97516,1.00,1.00
2016.12.14 10:08:33.342,8.9738,8.9753,1.00,1.00
2016.12.14 10:08:34.812,8.9738,8.9753,1.37,1.00
2016.12.14 10:08:34.863,8.9738,8.9753,1.00,1.00
2016.12.14 10:08:34.914,8.97392,8.97542,1.00,1.35
2016.12.14 10:08:35.420,8.97392,8.97542,1.37,1.00
2016.12.14 10:08:35.471,8.97392,8.97542,1.00,1.00
2016.12.14 10:08:35.521,8.97392,8.97542,1.37,1.00
2016.12.14 10:08:35.572,8.97392,8.97542,1.00,1.00
2016.12.14 10:08:35.674,8.97392,8.97542,1.37,1.00
2016.12.14 10:08:35.725,8.97392,8.97542,1.37,1.00
2016.12.14 10:08:35.776,8.97392,8.97542,1.00,1.00
2016.12.14 10:08:38.134,8.97405,8.97555,1.00,1.00
2016.12.14 10:08:38.437,8.97417,8.97556,1.00,1.00
2016.12.14 10:08:38.943,8.97418,8.97556,1.00,1.00
2016.12.14 10:08:48.591,8.97418,8.97557,1.00,1.00
2016.12.14 10:08:49.046,8.97418,8.97568,1.00,1.00
2016.12.14 10:08:49.148,8.97433,8.97583,1.00,1.00
2016.12.14 10:08:49.451,8.97518,8.97668,1.00,1.00
2016.12.14 10:08:49.755,8.97544,8.97694,1.00,1.00
2016.12.14 10:08:50.058,8.97555,8.97696,1.00,1.00
2016.12.14 10:08:50.283,8.97566,8.97716,1.00,1.50
2016.12.14 10:08:50.337,8.97566,8.97706,1.00,1.00
2016.12.14 10:08:50.590,8.97566,8.97716,1.00,1.50
2016.12.14 10:08:50.843,8.97577,8.97717,1.00,1.00
2016.12.14 10:08:51.146,8.97484,8.97636,1.00,1.37
2016.12.14 10:08:51.247,8.97474,8.97626,1.00,1.12
2016.12.14 10:08:51.349,8.97459,8.97609,1.00,1.00
2016.12.14 10:08:51.966,8.97477,8.97627,1.00,1.00
2016.12.14 10:08:52.275,8.97419,8.97569,1.00,1.00
2016.12.14 10:08:52.478,8.9738,8.97532,1.35,1.00
2016.12.14 10:08:52.983,8.9738,8.97532,1.37,1.00
2016.12.14 10:08:53.034,8.97395,8.97545,1.00,1.00
2016.12.14 10:08:53.135,8.97407,8.97557,1.00,1.00
2016.12.14 10:08:53.439,8.97418,8.97568,1.00,1.00
2016.12.14 10:08:54.042,8.97429,8.97579,1.00,1.00
2016.12.14 10:08:54.346,8.97472,8.97622,1.00,1.00
2016.12.14 10:08:54.649,8.97486,8.97636,1.00,1.00
2016.12.14 10:08:54.954,8.97497,8.97647,1.00,1.00
2016.12.14 10:08:55.258,8.97522,8.97672,1.00,1.00
2016.12.14 10:08:55.659,8.97533,8.97683,1.00,1.00
2016.12.14 10:08:55.963,8.97546,8.97696,1.00,1.50
2016.12.14 10:08:56.268,8.97558,8.97706,1.00,1.00
2016.12.14 10:08:56.319,8.97558,8.97708,1.00,1.00
2016.12.14 10:08:56.370,8.97568,8.97718,1.00,1.00
2016.12.14 10:08:56.673,8.97568,8.97716,1.00,1.00
2016.12.14 10:08:56.876,8.97557,8.97706,1.00,1.00
2016.12.14 10:08:57.179,8.9757,8.97716,1.00,1.00
2016.12.14 10:08:57.533,8.9757,8.97707,1.00,1.00
2016.12.14 10:08:57.584,8.9757,8.97716,1.00,1.00
2016.12.14 10:08:57.852,8.9757,8.9772,1.00,1.00
2016.12.14 10:08:57.903,8.9757,8.97716,1.00,1.00
2016.12.14 10:08:58.207,8.97577,8.97726,1.00,1.00
2016.12.14 10:08:58.410,8.97577,8.97716,1.00,1.00
2016.12.14 10:08:58.512,8.97577,8.97726,1.00,1.00
2016.12.14 10:08:58.667,8.97577,8.97716,1.00,1.00
2016.12.14 10:08:58.769,8.97577,8.97726,1.00,1.00
2016.12.14 10:08:58.870,8.97573,8.97725,1.00,1.00
2016.12.14 10:08:59.174,8.97573,8.97716,1.00,1.00
2016.12.14 10:08:59.477,8.97573,8.97706,1.00,1.00
2016.12.14 10:08:59.528,8.97573,8.97716,1.00,1.00
2016.12.14 10:08:59.786,8.97573,8.97706,1.00,1.00
2016.12.14 10:08:59.888,8.97573,8.97716,1.00,1.00
2016.12.14 10:09:00.039,8.97573,8.97706,1.00,1.00
2016.12.14 10:09:00.091,8.97573,8.97716,1.00,1.00
2016.12.14 10:09:00.142,8.97573,8.97706,1.00,1.00
2016.12.14 10:09:00.193,8.97563,8.97713,1.00,1.00
2016.12.14 10:09:00.244,8.97563,8.97706,1.00,1.00
2016.12.14 10:09:00.295,8.97563,8.97713,1.00,1.00
2016.12.14 10:09:00.346,8.97563,8.97707,1.00,1.00
2016.12.14 10:09:00.397,8.97563,8.97713,1.00,1.00
2016.12.14 10:09:00.751,8.97563,8.97706,1.00,1.00
2016.12.14 10:09:01.467,8.97551,8.97701,1.00,1.00
2016.12.14 10:09:01.519,8.97551,8.97696,1.00,1.00
2016.12.14 10:09:01.621,8.97551,8.97701,1.00,1.00
2016.12.14 10:09:02.588,8.9754,8.9769,1.00,1.00
2016.12.14 10:09:03.370,8.9754,8.9769,1.00,1.50
2016.12.14 10:09:03.572,8.97452,8.97599,1.00,1.00
2016.12.14 10:09:03.623,8.97449,8.97599,1.00,1.00
2016.12.14 10:09:03.674,8.9743,8.9758,1.60,1.00
2016.12.14 10:09:03.725,8.9743,8.9758,1.60,1.00
2016.12.14 10:09:03.776,8.9742,8.9757,1.60,1.00
2016.12.14 10:09:04.029,8.97409,8.97559,1.00,1.00
2016.12.14 10:09:04.182,8.97397,8.97549,1.00,1.00
2016.12.14 10:09:04.688,8.97385,8.97537,1.00,1.00
2016.12.14 10:09:05.803,8.97397,8.97547,1.00,1.00
2016.12.14 10:09:09.423,8.9741,8.9756,1.00,1.00
2016.12.14 10:09:10.529,8.97422,8.97572,1.00,1.00
2016.12.14 10:09:17.295,8.97434,8.97584,1.00,1.00
2016.12.14 10:09:17.902,8.97445,8.97595,1.00,1.00
2016.12.14 10:09:18.712,8.97456,8.97606,1.00,1.00
2016.12.14 10:09:18.836,8.97459,8.97611,1.00,1.00
2016.12.14 10:09:19.644,8.97449,8.97599,1.00,1.00
2016.12.14 10:09:24.428,8.9746,8.9761,1.00,1.00
2016.12.14 10:09:25.023,8.97448,8.97598,1.00,1.00
2016.12.14 10:09:26.020,8.9746,8.9761,1.00,1.00
2016.12.14 10:09:26.323,8.97471,8.97621,1.00,1.00
2016.12.14 10:09:26.627,8.97459,8.97609,1.00,1.00
2016.12.14 10:09:27.568,8.9747,8.9762,1.00,1.00
2016.12.14 10:09:27.921,8.97458,8.97608,1.00,1.00
2016.12.14 10:09:28.226,8.97448,8.97598,1.00,1.00
2016.12.14 10:09:28.634,8.97436,8.97588,1.00,1.00
2016.12.14 10:09:29.140,8.97422,8.97572,1.00,1.00
2016.12.14 10:09:29.241,8.97432,8.97584,1.00,1.00
2016.12.14 10:09:29.343,8.97422,8.97572,1.00,1.00
2016.12.14 10:09:29.647,8.97434,8.97584,1.00,1.00
2016.12.14 10:09:30.172,8.97445,8.97595,1.00,1.00
2016.12.14 10:09:31.272,8.97431,8.97581,1.00,1.00
2016.12.14 10:09:31.576,8.97442,8.97592,1.00,1.00
2016.12.14 10:09:32.845,8.97428,8.97578,1.00,1.00
2016.12.14 10:09:33.148,8.97413,8.97563,1.00,1.00
2016.12.14 10:09:33.554,8.97402,8.97552,1.00,1.00
2016.12.14 10:09:33.992,8.97413,8.97565,1.00,1.00
2016.12.14 10:09:34.346,8.97401,8.97551,1.00,1.00
2016.12.14 10:09:34.663,8.9742,8.9757,1.00,1.00
2016.12.14 10:09:34.969,8.97409,8.97559,1.00,1.00
2016.12.14 10:09:36.596,8.9742,8.9757,1.00,1.00
2016.12.14 10:09:36.900,8.97415,8.97565,1.00,1.00
2016.12.14 10:09:38.887,8.97414,8.97556,1.00,1.00
2016.12.14 10:09:38.988,8.97418,8.97568,1.00,1.00
2016.12.14 10:09:39.206,8.97446,8.97596,1.00,1.00
2016.12.14 10:09:40.015,8.97457,8.97607,1.00,1.00
2016.12.14 10:09:40.519,8.97444,8.97596,1.00,1.00
2016.12.14 10:09:40.823,8.97456,8.97606,1.00,1.00
2016.12.14 10:09:41.128,8.97427,8.97577,1.00,1.00
2016.12.14 10:09:41.431,8.97416,8.97566,1.00,1.00
2016.12.14 10:09:41.842,8.97427,8.97577,1.00,1.00
2016.12.14 10:09:43.313,8.97416,8.97566,1.00,1.00
2016.12.14 10:09:43.616,8.9742,8.9757,1.00,1.00
2016.12.14 10:09:43.971,8.9742,8.9757,1.00,1.37
2016.12.14 10:09:44.023,8.97405,8.97533,1.00,1.00
2016.12.14 10:09:44.074,8.97383,8.97533,1.60,1.37
2016.12.14 10:09:44.125,8.97364,8.97483,1.60,1.00
2016.12.14 10:09:44.278,8.97374,8.97483,1.00,1.00
2016.12.14 10:09:44.330,8.97364,8.97496,1.00,1.00
2016.12.14 10:09:44.381,8.97346,8.97496,1.35,1.00
2016.12.14 10:09:44.431,8.97364,8.97514,1.00,1.00
2016.12.14 10:09:44.738,8.97324,8.97454,2.02,1.00
2016.12.14 10:09:44.839,8.97314,8.97454,1.60,1.00
2016.12.14 10:09:44.941,8.97344,8.97454,1.00,1.00
2016.12.14 10:09:44.992,8.97344,8.9747,1.00,1.00
2016.12.14 10:09:45.044,8.97334,8.9747,2.40,1.00
2016.12.14 10:09:45.096,8.97345,8.97489,1.00,1.00
2016.12.14 10:09:45.148,8.97345,8.97495,1.00,1.00
2016.12.14 10:09:45.199,8.97333,8.97454,1.60,1.00
2016.12.14 10:09:45.301,8.97336,8.97474,1.60,1.00
2016.12.14 10:09:45.352,8.97336,8.97486,1.60,1.00
2016.12.14 10:09:46.588,8.97344,8.97486,1.35,1.00
2016.12.14 10:09:46.791,8.97336,8.97486,1.60,1.00
2016.12.14 10:09:47.782,8.97336,8.97486,1.60,1.00
2016.12.14 10:09:48.390,8.97353,8.97486,1.00,1.00
2016.12.14 10:09:48.543,8.97336,8.97486,1.60,1.00
2016.12.14 10:09:49.613,8.97336,8.97486,1.60,1.00
2016.12.14 10:09:49.715,8.97336,8.97486,1.60,1.00
2016.12.14 10:09:53.936,8.97336,8.97486,1.60,1.00
2016.12.14 10:09:53.987,8.97336,8.97486,1.60,1.00
2016.12.14 10:09:54.240,8.97336,8.97486,1.60,1.00
2016.12.14 10:09:54.341,8.97336,8.97486,1.60,1.00
2016.12.14 10:09:55.860,8.97336,8.97486,1.60,1.00
2016.12.14 10:09:56.516,8.97336,8.97486,1.60,1.00
2016.12.14 10:09:56.981,8.97336,8.97486,1.60,1.00
2016.12.14 10:09:57.032,8.97336,8.97486,1.00,1.00
2016.12.14 10:09:58.812,8.97335,8.97485,1.00,1.00
2016.12.14 10:10:03.860,8.97352,8.97502,1.00,1.00
2016.12.14 10:10:05.235,8.97362,8.97512,1.00,1.00
2016.12.14 10:10:05.539,8.97417,8.97567,1.00,1.00
2016.12.14 10:10:05.843,8.97455,8.97607,1.00,1.00
2016.12.14 10:10:05.944,8.9747,8.9762,1.00,1.37
2016.12.14 10:10:06.148,8.97457,8.97607,1.00,1.00
2016.12.14 10:10:06.352,8.97468,8.97618,1.00,1.00
2016.12.14 10:10:06.656,8.97516,8.97668,1.00,1.37
2016.12.14 10:10:06.856,8.97527,8.97677,1.00,1.00
2016.12.14 10:10:07.160,8.97538,8.97688,1.00,1.00
2016.12.14 10:10:07.362,8.97524,8.97676,1.00,1.00
2016.12.14 10:10:07.565,8.97511,8.97661,1.00,1.00
2016.12.14 10:10:07.970,8.97501,8.97651,1.00,1.00
2016.12.14 10:10:08.374,8.97479,8.97631,1.00,1.00
2016.12.14 10:10:08.728,8.97468,8.97618,1.00,1.00
2016.12.14 10:10:09.032,8.97455,8.97605,1.00,1.00
2016.12.14 10:10:09.336,8.97444,8.97594,1.00,1.00
2016.12.14 10:10:09.640,8.97433,8.97583,1.00,1.00
2016.12.14 10:10:09.961,8.97422,8.97572,1.00,1.00
2016.12.14 10:10:10.265,8.97409,8.97559,1.00,1.00
2016.12.14 10:10:11.277,8.97398,8.97548,1.00,1.00
2016.12.14 10:10:11.846,8.97386,8.97536,1.00,1.00
2016.12.14 10:10:13.143,8.97397,8.97547,1.00,1.00
2016.12.14 10:10:18.979,8.974,8.97552,1.00,1.00
2016.12.14 10:10:26.666,8.97412,8.97562,1.00,1.00
2016.12.14 10:10:26.969,8.974,8.9755,1.00,1.00
2016.12.14 10:10:27.679,8.97411,8.97561,1.00,1.00
2016.12.14 10:10:27.982,8.974,8.9755,1.00,1.00
2016.12.14 10:10:34.083,8.97412,8.97562,1.00,1.00
2016.12.14 10:10:42.889,8.97398,8.97548,1.00,1.00
2016.12.14 10:10:43.698,8.97387,8.97537,1.00,1.00
2016.12.14 10:10:44.795,8.97376,8.97526,1.00,1.00
2016.12.14 10:10:45.914,8.97364,8.97514,1.00,1.00
2016.12.14 10:10:46.502,8.97375,8.97525,1.00,1.00
2016.12.14 10:10:47.516,8.97364,8.97514,1.00,1.00
2016.12.14 10:10:53.961,8.97375,8.97525,1.00,1.00
2016.12.14 10:10:54.546,8.97364,8.97514,1.00,1.00
2016.12.14 10:10:57.137,8.97375,8.97525,1.00,1.00
2016.12.14 10:10:58.827,8.97374,8.97524,1.00,1.00
2016.12.14 10:11:03.160,8.97363,8.97513,1.00,1.00
2016.12.14 10:11:03.767,8.97375,8.97525,1.00,1.00
2016.12.14 10:11:05.451,8.97364,8.97514,1.00,1.00
2016.12.14 10:11:05.822,8.97375,8.97525,1.00,1.00
2016.12.14 10:11:13.102,8.97386,8.97536,1.00,1.00
2016.12.14 10:11:13.305,8.97374,8.97526,1.00,1.00
2016.12.14 10:11:14.359,8.97384,8.97526,1.00,1.00
2016.12.14 10:11:14.460,8.97385,8.97535,1.00,1.00
2016.12.14 10:11:14.562,8.974,8.9755,1.00,1.00
2016.12.14 10:11:14.909,8.97433,8.97583,1.00,1.00
2016.12.14 10:11:15.671,8.97422,8.97572,1.00,1.00
2016.12.14 10:11:16.667,8.9741,8.9756,1.00,1.00
2016.12.14 10:11:18.901,8.97411,8.97561,1.00,1.00
2016.12.14 10:11:26.701,8.97399,8.97549,1.00,1.00
2016.12.14 10:11:27.005,8.9741,8.9756,1.00,1.00
2016.12.14 10:11:27.308,8.97399,8.97549,1.00,1.00
2016.12.14 10:11:27.821,8.97398,8.97548,1.00,1.00
2016.12.14 10:11:31.929,8.97387,8.97537,1.00,1.00
2016.12.14 10:11:38.564,8.97394,8.97537,1.00,1.00
2016.12.14 10:11:38.615,8.97387,8.97537,1.00,1.00
2016.12.14 10:11:38.818,8.97393,8.97537,1.00,1.00
2016.12.14 10:11:38.869,8.97387,8.97537,1.00,1.00
2016.12.14 10:11:38.920,8.9739,8.9754,1.00,1.00
2016.12.14 10:11:39.426,8.97389,8.97539,1.00,1.00
2016.12.14 10:11:39.831,8.97384,8.97529,1.00,1.00
2016.12.14 10:11:39.883,8.97377,8.97529,1.00,1.00
2016.12.14 10:11:40.066,8.97389,8.97539,1.00,1.00
2016.12.14 10:11:41.060,8.97377,8.97527,1.00,1.00
2016.12.14 10:11:42.149,8.97388,8.97538,1.00,1.00
2016.12.14 10:11:46.785,8.97394,8.97538,1.00,1.00
2016.12.14 10:11:46.937,8.97388,8.97538,1.00,1.00
2016.12.14 10:11:47.560,8.97377,8.97527,1.00,1.00
2016.12.14 10:11:47.864,8.97388,8.97538,1.00,1.00
2016.12.14 10:11:48.545,8.97393,8.97538,1.00,1.00
2016.12.14 10:11:48.596,8.97388,8.97538,1.00,1.00
2016.12.14 10:11:48.749,8.97394,8.97538,1.00,1.00
2016.12.14 10:11:48.801,8.97388,8.97538,1.00,1.00
2016.12.14 10:11:49.025,8.97393,8.97538,1.00,1.00
2016.12.14 10:11:49.076,8.97388,8.97538,1.00,1.00
2016.12.14 10:11:49.127,8.97394,8.97538,1.00,1.00
2016.12.14 10:11:49.228,8.97388,8.97538,1.00,1.00
2016.12.14 10:11:49.279,8.97394,8.97538,1.00,1.00
2016.12.14 10:11:49.330,8.97388,8.97538,1.00,1.00
2016.12.14 10:11:49.482,8.97393,8.97538,1.00,1.00
2016.12.14 10:11:49.533,8.97388,8.97538,1.00,1.00
2016.12.14 10:11:49.685,8.97377,8.97527,1.00,1.00
2016.12.14 10:11:50.091,8.97384,8.97527,1.00,1.00
2016.12.14 10:11:50.142,8.97377,8.97527,1.00,1.00
2016.12.14 10:11:50.243,8.97384,8.97527,1.00,1.00
2016.12.14 10:11:50.294,8.97377,8.97527,1.00,1.00
2016.12.14 10:11:50.613,8.97383,8.97527,1.00,1.00
2016.12.14 10:11:51.068,8.97388,8.97538,1.00,1.00
2016.12.14 10:11:51.940,8.97394,8.97538,1.00,1.00
2016.12.14 10:11:51.992,8.97388,8.97538,1.00,1.00
2016.12.14 10:11:52.194,8.97394,8.97538,1.00,1.00
2016.12.14 10:11:52.245,8.97388,8.97538,1.00,1.00
2016.12.14 10:11:52.396,8.97393,8.97538,1.00,1.00
2016.12.14 10:11:52.534,8.97388,8.97538,1.00,1.00
2016.12.14 10:11:53.697,8.97394,8.97538,1.00,1.00
2016.12.14 10:11:53.748,8.97388,8.97538,1.00,1.00
2016.12.14 10:11:53.849,8.97394,8.97538,1.00,1.00
2016.12.14 10:11:53.900,8.97388,8.97538,1.00,1.00
2016.12.14 10:11:54.456,8.97394,8.97538,1.00,1.00
2016.12.14 10:11:54.507,8.97388,8.97538,1.00,1.00
2016.12.14 10:11:55.086,8.97394,8.97538,1.00,1.00
2016.12.14 10:11:55.389,8.97387,8.97539,1.00,1.00
2016.12.14 10:11:55.440,8.97394,8.97539,1.00,1.00
2016.12.14 10:11:55.491,8.97387,8.97539,1.00,1.00
2016.12.14 10:11:55.543,8.97394,8.97539,1.00,1.00
2016.12.14 10:11:55.594,8.97387,8.97539,1.00,1.00
2016.12.14 10:11:55.696,8.97375,8.97525,1.00,1.00
2016.12.14 10:11:56.000,8.97374,8.97512,1.00,1.00
2016.12.14 10:11:56.152,8.97364,8.97512,1.00,1.00
2016.12.14 10:11:56.303,8.97384,8.97512,1.00,1.00
2016.12.14 10:11:56.354,8.97364,8.97512,1.00,1.00
2016.12.14 10:11:56.557,8.97362,8.97512,1.00,1.00
2016.12.14 10:11:56.608,8.97364,8.97512,1.00,1.00
2016.12.14 10:11:56.658,8.97362,8.97512,1.00,1.00
2016.12.14 10:11:56.709,8.97364,8.97512,1.00,1.00
2016.12.14 10:11:56.915,8.97362,8.97512,1.00,1.00
2016.12.14 10:11:56.966,8.97364,8.97512,1.00,1.00
2016.12.14 10:11:57.017,8.97362,8.97512,1.00,1.00
2016.12.14 10:11:57.119,8.97364,8.97512,1.00,1.00
2016.12.14 10:11:57.170,8.97362,8.97512,1.00,1.00
2016.12.14 10:11:57.221,8.97364,8.97512,1.00,1.00
2016.12.14 10:11:57.272,8.97362,8.97512,1.00,1.00
2016.12.14 10:11:58.871,8.97361,8.97511,1.00,1.00
2016.12.14 10:12:04.586,8.97373,8.97523,1.00,1.00
2016.12.14 10:12:13.050,8.97374,8.97523,1.00,1.00
2016.12.14 10:12:13.672,8.97373,8.97523,1.00,1.00
2016.12.14 10:12:14.195,8.97374,8.97523,1.00,1.00
2016.12.14 10:12:14.700,8.97373,8.97523,1.00,1.00
2016.12.14 10:12:15.205,8.97362,8.97512,1.00,1.00
2016.12.14 10:12:18.350,8.9735,8.975,1.00,1.00
2016.12.14 10:12:18.957,8.97358,8.97508,1.00,1.00
2016.12.14 10:12:20.148,8.97369,8.97519,1.00,1.00
2016.12.14 10:12:20.452,8.97357,8.97507,1.00,1.00
2016.12.14 10:12:28.173,8.97369,8.97519,1.00,1.00
2016.12.14 10:12:30.978,8.97355,8.97505,1.00,1.00
2016.12.14 10:12:31.307,8.97368,8.97518,1.00,1.00
2016.12.14 10:12:32.649,8.97356,8.97506,1.00,1.00
2016.12.14 10:12:34.896,8.97372,8.97524,1.00,1.00
2016.12.14 10:12:38.886,8.97376,8.97526,1.00,1.00
2016.12.14 10:12:44.100,8.97387,8.97537,1.00,1.00
2016.12.14 10:12:45.307,8.97398,8.97548,1.00,1.00
2016.12.14 10:12:46.014,8.97409,8.97559,1.00,1.00
2016.12.14 10:12:46.356,8.97425,8.97575,1.00,1.00
2016.12.14 10:12:46.660,8.97456,8.97606,1.00,1.00
2016.12.14 10:12:46.966,8.97498,8.97648,1.00,1.00
2016.12.14 10:12:47.271,8.97521,8.97671,1.00,1.00
2016.12.14 10:12:47.630,8.97528,8.97678,1.00,1.00
2016.12.14 10:12:47.934,8.97557,8.97707,1.00,1.00
2016.12.14 10:12:48.238,8.97538,8.97688,1.00,1.00
2016.12.14 10:12:48.543,8.97545,8.97695,1.00,1.00
2016.12.14 10:12:48.897,8.97565,8.97715,1.00,1.50
2016.12.14 10:12:49.317,8.97554,8.97704,1.00,1.00
2016.12.14 10:12:49.621,8.97475,8.97621,1.00,1.50
2016.12.14 10:12:49.925,8.97414,8.97567,1.60,1.00
2016.12.14 10:12:50.027,8.97414,8.97564,1.00,1.00
2016.12.14 10:12:50.179,8.97399,8.97549,1.00,1.00
2016.12.14 10:12:51.606,8.97409,8.97559,1.00,1.00
2016.12.14 10:12:52.010,8.97421,8.97571,1.00,1.00
2016.12.14 10:12:52.324,8.97431,8.97581,1.00,1.00
2016.12.14 10:12:52.628,8.97442,8.97592,1.00,1.00
2016.12.14 10:12:52.989,8.97462,8.97612,1.00,1.50
2016.12.14 10:12:53.393,8.97475,8.97625,1.00,1.00
2016.12.14 10:12:53.697,8.97485,8.97635,1.00,1.00
2016.12.14 10:12:54.016,8.97498,8.97648,1.00,1.00
2016.12.14 10:12:54.320,8.97522,8.97672,1.00,1.00
2016.12.14 10:12:54.626,8.97541,8.97693,1.00,1.00
2016.12.14 10:12:54.728,8.97529,8.97679,1.00,1.00
2016.12.14 10:12:55.032,8.9754,8.9769,1.00,1.00
2016.12.14 10:12:55.337,8.97528,8.97678,1.00,1.00
2016.12.14 10:12:55.691,8.9754,8.9769,1.00,1.00
2016.12.14 10:12:56.193,8.97551,8.97701,1.00,1.00
2016.12.14 10:12:56.496,8.97562,8.97712,1.00,1.00
2016.12.14 10:12:58.113,8.97548,8.97697,1.00,1.15
2016.12.14 10:12:58.416,8.97476,8.97626,1.00,1.37
2016.12.14 10:12:58.518,8.97438,8.97588,1.00,1.00
2016.12.14 10:12:58.923,8.97432,8.97582,1.00,1.00
2016.12.14 10:12:59.226,8.97421,8.97571,1.00,1.00
2016.12.14 10:13:00.289,8.97432,8.97582,1.00,1.00
2016.12.14 10:13:00.592,8.97457,8.97607,1.00,1.00
2016.12.14 10:13:00.896,8.9748,8.9763,1.00,1.00
2016.12.14 10:13:01.099,8.9749,8.97642,1.00,1.00
2016.12.14 10:13:01.201,8.97501,8.97651,1.00,1.00
2016.12.14 10:13:01.504,8.97512,8.97662,1.00,1.00
2016.12.14 10:13:01.808,8.97537,8.97687,1.00,1.00
2016.12.14 10:13:02.129,8.9755,8.977,1.00,1.00
2016.12.14 10:13:02.433,8.97572,8.97722,1.00,1.00
2016.12.14 10:13:02.736,8.97585,8.97735,1.00,1.00
2016.12.14 10:13:03.243,8.97597,8.97747,1.00,1.00
2016.12.14 10:13:03.566,8.9761,8.9776,1.00,1.00
2016.12.14 10:13:04.123,8.97621,8.97771,1.00,1.00
2016.12.14 10:13:04.427,8.97632,8.97782,1.00,1.00
2016.12.14 10:13:04.629,8.97643,8.97795,1.00,1.00
2016.12.14 10:13:04.831,8.97633,8.97783,1.00,1.00
2016.12.14 10:13:05.241,8.97643,8.97793,1.00,1.00
2016.12.14 10:13:05.545,8.97632,8.97782,1.00,1.00
2016.12.14 10:13:05.849,8.97619,8.97769,1.00,1.00
2016.12.14 10:13:06.405,8.9763,8.9778,1.00,1.00
2016.12.14 10:13:08.528,8.9761,8.97753,1.00,1.00
2016.12.14 10:13:08.579,8.97603,8.97753,1.00,1.00
2016.12.14 10:13:08.933,8.97588,8.97738,1.00,1.00
2016.12.14 10:13:09.237,8.97575,8.97725,1.00,1.00
2016.12.14 10:13:09.542,8.97544,8.97694,1.00,1.00
2016.12.14 10:13:09.846,8.97532,8.97682,1.00,1.00
2016.12.14 10:13:10.048,8.97508,8.9766,1.00,1.00
2016.12.14 10:13:10.711,8.97496,8.97646,1.00,1.00
2016.12.14 10:13:11.015,8.97473,8.97623,1.00,1.00
2016.12.14 10:13:13.541,8.97449,8.97599,1.00,1.00
2016.12.14 10:13:13.845,8.9746,8.9761,1.00,1.00
2016.12.14 10:13:14.148,8.97448,8.976,1.00,1.00
2016.12.14 10:13:14.250,8.97465,8.97615,1.00,1.00
2016.12.14 10:13:16.650,8.97478,8.97628,1.00,1.00
2016.12.14 10:13:18.043,8.9749,8.9764,1.00,1.00
2016.12.14 10:13:18.448,8.97501,8.97651,1.00,1.00
2016.12.14 10:13:18.751,8.97512,8.97662,1.00,1.00
2016.12.14 10:13:20.447,8.97525,8.97675,1.00,1.00
2016.12.14 10:13:22.764,8.97536,8.97686,1.00,1.00
2016.12.14 10:13:23.374,8.97522,8.97672,1.00,1.00
2016.12.14 10:13:27.644,8.97534,8.97684,1.00,1.00
2016.12.14 10:13:30.080,8.97546,8.97696,1.00,1.00
2016.12.14 10:13:30.586,8.97535,8.97685,1.00,1.00
2016.12.14 10:13:31.355,8.97522,8.97672,1.00,1.00
2016.12.14 10:13:36.094,8.97508,8.97658,1.00,1.00
2016.12.14 10:13:36.676,8.97497,8.97647,1.00,1.00
2016.12.14 10:13:37.392,8.9751,8.9766,1.00,1.00
2016.12.14 10:13:37.806,8.97498,8.97648,1.00,1.00
2016.12.14 10:13:38.875,8.97488,8.97638,1.00,1.00
2016.12.14 10:13:41.807,8.97503,8.97653,1.00,1.00
2016.12.14 10:13:42.109,8.97491,8.97641,1.00,1.00
2016.12.14 10:13:42.413,8.97504,8.97654,1.00,1.00
2016.12.14 10:13:43.676,8.97515,8.97665,1.00,1.00
2016.12.14 10:13:44.335,8.97503,8.97653,1.00,1.00
2016.12.14 10:13:44.893,8.97492,8.97642,1.00,1.00
2016.12.14 10:13:45.196,8.97477,8.97627,1.00,1.00
2016.12.14 10:13:49.488,8.97465,8.97615,1.00,1.00
2016.12.14 10:13:53.037,8.97455,8.97605,1.00,1.00
2016.12.14 10:13:53.340,8.97444,8.97594,1.00,1.00
2016.12.14 10:13:53.947,8.97432,8.97582,1.00,1.00
2016.12.14 10:13:54.259,8.97421,8.97571,1.00,1.00
2016.12.14 10:13:54.715,8.9741,8.9756,1.00,1.00
2016.12.14 10:13:55.019,8.97399,8.97549,1.00,1.00
2016.12.14 10:13:59.054,8.97401,8.97551,1.00,1.00
2016.12.14 10:14:01.151,8.97411,8.97563,1.00,1.00
2016.12.14 10:14:02.129,8.97423,8.97573,1.00,1.00
2016.12.14 10:14:04.440,8.97435,8.97585,1.00,1.00
2016.12.14 10:14:05.048,8.97446,8.97596,1.00,1.00
2016.12.14 10:14:05.857,8.97457,8.97607,1.00,1.00
2016.12.14 10:14:06.234,8.97469,8.97619,1.00,1.00
2016.12.14 10:14:06.757,8.97482,8.97632,1.00,1.00
2016.12.14 10:14:07.333,8.97494,8.97644,1.00,1.00
2016.12.14 10:14:07.637,8.97483,8.97633,1.00,1.00
2016.12.14 10:14:07.941,8.97494,8.97644,1.00,1.00
2016.12.14 10:14:08.246,8.97506,8.97656,1.00,1.00
2016.12.14 10:14:11.533,8.97518,8.97668,1.00,1.00
2016.12.14 10:14:14.177,8.97507,8.97657,1.00,1.00
2016.12.14 10:14:14.480,8.97522,8.97672,1.00,1.00
2016.12.14 10:14:15.034,8.9751,8.9766,1.00,1.00
2016.12.14 10:14:18.847,8.97507,8.97657,1.00,1.00
2016.12.14 10:14:21.683,8.97518,8.97668,1.00,1.00
2016.12.14 10:14:23.560,8.97507,8.97657,1.00,1.00
2016.12.14 10:14:27.181,8.97518,8.9767,1.00,1.00
2016.12.14 10:14:27.384,8.97508,8.97658,1.00,1.00
2016.12.14 10:14:27.788,8.97519,8.97669,1.00,1.00
2016.12.14 10:14:28.485,8.9753,8.97682,1.00,1.00
2016.12.14 10:14:28.789,8.9752,8.9767,1.00,1.00
2016.12.14 10:14:33.205,8.97532,8.97682,1.00,1.00
2016.12.14 10:14:34.776,8.97546,8.97696,1.00,1.00
2016.12.14 10:14:35.282,8.97534,8.97686,1.00,1.00
2016.12.14 10:14:37.188,8.97524,8.97674,1.00,1.00
2016.12.14 10:14:39.024,8.97518,8.9767,1.00,1.00
2016.12.14 10:14:39.787,8.97507,8.97657,1.00,1.00
2016.12.14 10:14:40.107,8.97519,8.97669,1.00,1.00
2016.12.14 10:14:44.229,8.97505,8.97655,1.00,1.00
2016.12.14 10:14:44.552,8.97516,8.97666,1.00,1.00
2016.12.14 10:14:56.036,8.97503,8.97653,1.00,1.00
2016.12.14 10:14:58.738,8.9749,8.9764,1.00,1.00
2016.12.14 10:14:59.043,8.97478,8.97616,1.00,1.00
2016.12.14 10:14:59.461,8.97455,8.97556,1.60,1.50
2016.12.14 10:14:59.765,8.97453,8.97547,2.10,1.00
2016.12.14 10:15:00.018,8.97462,8.97556,2.10,1.00
2016.12.14 10:15:00.119,8.97465,8.97556,2.10,1.00
2016.12.14 10:15:00.524,8.9746,8.97556,2.10,1.00
2016.12.14 10:15:00.625,8.97463,8.97556,2.10,1.00
2016.12.14 10:15:00.971,8.9746,8.97537,2.10,1.00
2016.12.14 10:15:01.123,8.9746,8.97556,2.10,1.00
2016.12.14 10:15:01.602,8.9746,8.97577,2.10,1.00
2016.12.14 10:15:01.702,8.97461,8.97587,2.10,1.00
2016.12.14 10:15:01.753,8.97461,8.97596,2.10,1.00
2016.12.14 10:15:01.910,8.97464,8.97596,2.10,1.00
2016.12.14 10:15:01.961,8.9747,8.97616,1.60,1.00
2016.12.14 10:15:02.013,8.97471,8.97616,2.10,1.00
2016.12.14 10:15:02.186,8.97481,8.97633,1.60,1.00
2016.12.14 10:15:02.339,8.97481,8.97633,1.60,1.00
2016.12.14 10:15:02.542,8.97481,8.97633,1.60,1.00
2016.12.14 10:15:02.746,8.97494,8.97646,1.60,1.50
2016.12.14 10:15:02.948,8.97506,8.97656,1.00,1.50
2016.12.14 10:15:03.768,8.9752,8.9767,1.00,1.00
2016.12.14 10:15:04.072,8.97545,8.97695,1.00,1.00
2016.12.14 10:15:05.382,8.97559,8.97709,1.00,1.00
2016.12.14 10:15:05.839,8.97571,8.97721,1.00,1.00
2016.12.14 10:15:06.143,8.97582,8.97732,1.00,1.00
2016.12.14 10:15:06.447,8.97596,8.97746,1.00,1.00
2016.12.14 10:15:06.752,8.9762,8.9777,1.00,1.00
2016.12.14 10:15:07.056,8.97631,8.97781,1.00,1.00
2016.12.14 10:15:07.361,8.97644,8.97794,1.00,1.00
2016.12.14 10:15:07.964,8.97654,8.97804,1.00,1.00
2016.12.14 10:15:09.879,8.97665,8.97815,1.00,1.00
2016.12.14 10:15:10.773,8.97676,8.97826,1.00,1.00
2016.12.14 10:15:11.081,8.97689,8.97839,1.00,1.00
2016.12.14 10:15:11.587,8.97678,8.97828,1.00,1.00
2016.12.14 10:15:12.094,8.97667,8.97817,1.00,1.00
2016.12.14 10:15:15.182,8.97678,8.97828,1.00,1.00
2016.12.14 10:15:16.399,8.97667,8.97817,1.00,1.00
2016.12.14 10:15:17.669,8.97678,8.9783,1.00,1.00
2016.12.14 10:15:18.886,8.97685,8.97835,1.00,1.00
2016.12.14 10:15:24.109,8.97698,8.97848,1.00,1.00
2016.12.14 10:15:25.008,8.97708,8.97858,1.00,1.00
2016.12.14 10:15:28.633,8.9772,8.9787,1.00,1.00
2016.12.14 10:15:28.937,8.97709,8.97859,1.00,1.00
2016.12.14 10:15:29.240,8.9769,8.9784,1.00,1.00
2016.12.14 10:15:29.595,8.977,8.9785,1.00,1.00
2016.12.14 10:15:40.714,8.97687,8.97837,1.00,1.00
2016.12.14 10:15:41.018,8.97674,8.97824,1.00,1.00
2016.12.14 10:15:41.831,8.97686,8.97836,1.00,1.00
2016.12.14 10:15:42.827,8.97675,8.97825,1.00,1.00
2016.12.14 10:15:44.453,8.97657,8.97807,1.00,1.00
2016.12.14 10:15:44.758,8.97631,8.97781,1.00,1.00
2016.12.14 10:15:46.669,8.97618,8.97768,1.00,1.00
2016.12.14 10:15:48.958,8.97607,8.97757,1.00,1.00
2016.12.14 10:15:49.272,8.97595,8.97745,1.00,1.00
2016.12.14 10:15:52.303,8.97649,8.97745,1.60,1.00
2016.12.14 10:15:52.354,8.97687,8.97837,1.37,1.00
2016.12.14 10:15:52.456,8.97708,8.97827,1.00,1.00
2016.12.14 10:15:52.558,8.9773,8.9788,1.00,1.00
2016.12.14 10:15:52.608,8.9773,8.97866,1.00,1.00
2016.12.14 10:15:52.659,8.97715,8.97865,1.00,1.00
2016.12.14 10:15:52.761,8.97683,8.97833,1.00,1.00
2016.12.14 10:15:53.065,8.97681,8.97831,1.00,1.00
2016.12.14 10:15:58.875,8.97687,8.97837,1.00,1.00
2016.12.14 10:15:59.686,8.97673,8.97823,1.00,1.00
2016.12.14 10:16:00.580,8.97684,8.97834,1.00,1.00
2016.12.14 10:16:02.518,8.97672,8.97822,1.00,1.00
2016.12.14 10:16:03.585,8.97661,8.97811,1.00,1.00
2016.12.14 10:16:07.986,8.97672,8.97822,1.00,1.00
2016.12.14 10:16:08.391,8.97661,8.97811,1.00,1.00
2016.12.14 10:16:11.707,8.97649,8.97799,1.00,1.00
2016.12.14 10:16:12.314,8.97637,8.97787,1.00,1.00
2016.12.14 10:16:14.701,8.97626,8.97776,1.00,1.00
2016.12.14 10:16:16.927,8.97637,8.97787,1.00,1.00
2016.12.14 10:16:18.824,8.97638,8.97788,1.00,1.00
2016.12.14 10:16:21.144,8.97625,8.97775,1.00,1.00
2016.12.14 10:16:23.824,8.97614,8.97764,1.00,1.00
2016.12.14 10:16:24.140,8.97603,8.97753,1.00,1.00
2016.12.14 10:16:24.803,8.97592,8.97742,1.00,1.00
2016.12.14 10:16:25.408,8.97603,8.97753,1.00,1.00
2016.12.14 10:16:27.824,8.9759,8.97742,1.00,1.00
2016.12.14 10:16:28.333,8.9758,8.9773,1.00,1.00
2016.12.14 10:16:28.638,8.97583,8.97733,1.00,1.00
2016.12.14 10:16:30.963,8.97572,8.97722,1.00,1.00
2016.12.14 10:16:34.725,8.97584,8.97734,1.00,1.00
2016.12.14 10:16:35.047,8.97594,8.97744,1.00,1.00
2016.12.14 10:16:35.655,8.97605,8.97755,1.00,1.00
2016.12.14 10:16:37.972,8.97592,8.97742,1.00,1.00
2016.12.14 10:16:38.829,8.97591,8.97741,1.00,1.00
2016.12.14 10:16:39.365,8.97601,8.97751,1.00,1.00
2016.12.14 10:16:41.033,8.97589,8.97739,1.00,1.00
2016.12.14 10:16:41.337,8.97578,8.97728,1.00,1.00
2016.12.14 10:16:42.238,8.97591,8.97741,1.00,1.00
2016.12.14 10:16:43.972,8.97602,8.97752,1.00,1.00
2016.12.14 10:16:55.471,8.97617,8.97767,1.00,1.00
2016.12.14 10:16:56.676,8.97628,8.97778,1.00,1.00
2016.12.14 10:16:58.860,8.97627,8.97777,1.00,1.00
2016.12.14 10:16:59.374,8.97616,8.97766,1.00,1.00
2016.12.14 10:17:00.695,8.97605,8.97755,1.00,1.00
2016.12.14 10:17:01.612,8.97605,8.97755,1.00,1.67
2016.12.14 10:17:01.663,8.97605,8.97755,1.00,1.00
2016.12.14 10:17:04.075,8.97594,8.97744,1.00,1.00
2016.12.14 10:17:06.419,8.97583,8.97733,1.00,1.00
2016.12.14 10:17:07.816,8.97572,8.97722,1.00,1.00
2016.12.14 10:17:08.524,8.97584,8.97736,1.00,1.00
2016.12.14 10:17:08.934,8.97596,8.97746,1.00,1.00
2016.12.14 10:17:11.115,8.97607,8.97757,1.00,1.00
2016.12.14 10:17:18.922,8.9761,8.9776,1.00,1.00
2016.12.14 10:17:23.547,8.97621,8.97771,1.00,1.00
2016.12.14 10:17:23.890,8.97637,8.97787,1.00,1.00
2016.12.14 10:17:25.458,8.97648,8.97798,1.00,1.00
2016.12.14 10:17:25.762,8.97636,8.97786,1.00,1.00
2016.12.14 10:17:26.268,8.97626,8.97776,1.00,1.00
2016.12.14 10:17:33.275,8.97615,8.97765,1.00,1.00
2016.12.14 10:17:36.965,8.97604,8.97754,1.00,1.00
2016.12.14 10:17:38.566,8.97592,8.97742,1.00,1.00
2016.12.14 10:17:38.869,8.97597,8.97749,1.00,1.00
2016.12.14 10:17:41.882,8.97583,8.97733,1.00,1.00
2016.12.14 10:17:43.290,8.97599,8.97749,1.00,1.00
2016.12.14 10:17:45.374,8.97586,8.97736,1.00,1.00
2016.12.14 10:17:45.678,8.97559,8.97709,1.00,1.00
2016.12.14 10:17:45.988,8.97548,8.97698,1.00,1.00
2016.12.14 10:17:46.291,8.97572,8.97722,1.00,1.00
2016.12.14 10:17:57.337,8.97583,8.97733,1.00,1.00
2016.12.14 10:17:57.540,8.97593,8.97745,1.00,1.00
2016.12.14 10:17:58.920,8.97594,8.97746,1.00,1.00
2016.12.14 10:18:01.123,8.97608,8.97758,1.00,1.00
2016.12.14 10:18:02.034,8.97598,8.97748,1.00,1.00
2016.12.14 10:18:02.394,8.97609,8.97759,1.00,1.00
2016.12.14 10:18:02.699,8.97597,8.97747,1.00,1.00
2016.12.14 10:18:04.123,8.97609,8.97759,1.00,1.00
2016.12.14 10:18:07.016,8.97597,8.97747,1.00,1.00
2016.12.14 10:18:07.960,8.97608,8.97758,1.00,1.00
2016.12.14 10:18:08.937,8.97618,8.9777,1.00,1.00
2016.12.14 10:18:10.824,8.9763,8.9778,1.00,1.00
2016.12.14 10:18:12.465,8.97619,8.97769,1.00,1.00
2016.12.14 10:18:13.475,8.97606,8.97756,1.00,1.00
2016.12.14 10:18:13.778,8.97618,8.97768,1.00,1.00
2016.12.14 10:18:14.133,8.97629,8.97779,1.00,1.00
2016.12.14 10:18:17.719,8.97629,8.97776,1.00,1.00
2016.12.14 10:18:17.770,8.97614,8.97764,1.00,1.00
2016.12.14 10:18:18.074,8.97627,8.97777,1.00,1.00
2016.12.14 10:18:18.276,8.97625,8.97777,1.00,1.00
2016.12.14 10:18:22.373,8.97625,8.97776,1.00,1.00
2016.12.14 10:18:22.424,8.97625,8.97767,1.00,1.00
2016.12.14 10:18:22.476,8.97615,8.97765,1.00,1.00
2016.12.14 10:18:23.660,8.97628,8.97778,1.00,1.00
2016.12.14 10:18:31.710,8.97628,8.97776,1.00,1.00
2016.12.14 10:18:31.761,8.97628,8.97778,1.00,1.00
2016.12.14 10:18:31.862,8.97615,8.97765,1.00,1.00
2016.12.14 10:18:31.963,8.97627,8.97779,1.00,1.00
2016.12.14 10:18:32.368,8.97627,8.97776,1.00,1.00
2016.12.14 10:18:32.419,8.97627,8.97779,1.00,1.00
2016.12.14 10:18:36.707,8.97627,8.97776,1.00,1.00
2016.12.14 10:18:36.758,8.97627,8.97779,1.00,1.00
2016.12.14 10:18:36.809,8.97618,8.97768,1.00,1.00
2016.12.14 10:18:37.586,8.97618,8.97766,1.00,1.00
2016.12.14 10:18:37.790,8.97603,8.97753,1.00,1.00
2016.12.14 10:18:38.115,8.97591,8.97743,1.00,1.00
2016.12.14 10:18:38.217,8.97604,8.97754,1.00,1.00
2016.12.14 10:18:38.521,8.97615,8.97765,1.00,1.00
2016.12.14 10:18:38.913,8.97612,8.97762,1.00,1.00
2016.12.14 10:18:41.698,8.97601,8.97751,1.00,1.00
2016.12.14 10:18:42.194,8.97588,8.97738,1.00,1.00
2016.12.14 10:18:42.498,8.976,8.9775,1.00,1.00
2016.12.14 10:18:42.802,8.97587,8.97737,1.00,1.00
2016.12.14 10:18:43.144,8.97598,8.97748,1.00,1.00
2016.12.14 10:18:44.280,8.97584,8.97734,1.00,1.00
2016.12.14 10:18:46.683,8.97595,8.97745,1.00,1.00
2016.12.14 10:18:46.986,8.97583,8.97733,1.00,1.00
2016.12.14 10:18:47.290,8.97597,8.97747,1.00,1.00
2016.12.14 10:18:47.822,8.97586,8.97736,1.00,1.00
2016.12.14 10:18:48.126,8.9757,8.9772,1.00,1.00
2016.12.14 10:18:48.430,8.97556,8.97706,1.00,1.00
2016.12.14 10:18:48.733,8.97568,8.97718,1.00,1.00
2016.12.14 10:18:50.430,8.97579,8.97729,1.00,1.00
2016.12.14 10:18:56.425,8.9759,8.9774,1.00,1.00
2016.12.14 10:18:57.217,8.97579,8.97729,1.00,1.00
2016.12.14 10:18:58.323,8.9759,8.9774,1.00,1.00
2016.12.14 10:18:58.947,8.97586,8.97736,1.00,1.00
2016.12.14 10:19:18.971,8.97581,8.97731,1.00,1.00
2016.12.14 10:19:22.182,8.97591,8.97741,1.00,1.00
2016.12.14 10:19:22.587,8.97576,8.97728,1.00,1.00
2016.12.14 10:19:22.689,8.97589,8.97739,1.00,1.00
2016.12.14 10:19:22.892,8.97585,8.97737,1.00,1.00
2016.12.14 10:19:22.993,8.97574,8.97724,1.00,1.00
2016.12.14 10:19:23.500,8.97573,8.97723,1.00,1.00
2016.12.14 10:19:23.803,8.97561,8.97711,1.00,1.00
2016.12.14 10:19:24.098,8.97588,8.9774,1.00,1.00
2016.12.14 10:19:25.008,8.97577,8.97727,1.00,1.00
2016.12.14 10:19:25.312,8.97567,8.97717,1.00,1.00
2016.12.14 10:19:25.647,8.9759,8.9774,1.00,1.00
2016.12.14 10:19:26.102,8.97579,8.97729,1.00,1.00
2016.12.14 10:19:31.023,8.97569,8.97719,1.00,1.00
2016.12.14 10:19:31.426,8.97581,8.97731,1.00,1.00
2016.12.14 10:19:38.936,8.97573,8.97723,1.00,1.00
2016.12.14 10:19:40.041,8.97561,8.97713,1.00,1.00
2016.12.14 10:19:40.092,8.97561,8.97711,1.00,1.00
2016.12.14 10:19:40.415,8.97587,8.97737,1.00,1.00
2016.12.14 10:19:40.921,8.97575,8.97727,1.00,1.00
2016.12.14 10:19:41.124,8.9759,8.9774,1.00,1.00
2016.12.14 10:19:49.021,8.97577,8.97727,1.00,1.00
2016.12.14 10:19:56.222,8.97552,8.97702,1.00,1.00
2016.12.14 10:19:56.525,8.97539,8.97689,1.00,1.00
2016.12.14 10:19:56.728,8.97549,8.97701,1.00,1.00
2016.12.14 10:19:56.829,8.97539,8.97689,1.00,1.00
2016.12.14 10:19:57.336,8.97551,8.97701,1.00,1.00
2016.12.14 10:19:57.642,8.97562,8.97712,1.00,1.00
2016.12.14 10:19:58.849,8.97566,8.97716,1.00,1.00
2016.12.14 10:19:59.273,8.97576,8.97728,1.00,1.00
2016.12.14 10:20:00.158,8.97588,8.97738,1.00,1.00
2016.12.14 10:20:03.645,8.97601,8.97751,1.00,1.00
2016.12.14 10:20:03.949,8.97633,8.97783,1.00,1.00
2016.12.14 10:20:04.254,8.97645,8.97795,1.00,1.00
2016.12.14 10:20:05.078,8.97658,8.97808,1.00,1.00
2016.12.14 10:20:06.377,8.9767,8.9782,1.00,1.00
2016.12.14 10:20:06.681,8.97685,8.97835,1.00,1.00
2016.12.14 10:20:06.986,8.97696,8.97846,1.00,1.00
2016.12.14 10:20:07.399,8.97684,8.97834,1.00,1.00
2016.12.14 10:20:07.703,8.97688,8.97838,1.00,1.00
2016.12.14 10:20:08.362,8.97673,8.97823,1.00,1.00
2016.12.14 10:20:08.465,8.97661,8.97813,1.00,1.00
2016.12.14 10:20:08.566,8.97672,8.97822,1.00,1.00
2016.12.14 10:20:08.884,8.9769,8.9784,1.00,1.00
2016.12.14 10:20:09.495,8.97678,8.97828,1.00,1.00
2016.12.14 10:20:09.798,8.97689,8.97839,1.00,1.00
2016.12.14 10:20:10.178,8.97718,8.97868,1.00,1.00
2016.12.14 10:20:10.491,8.97745,8.97895,1.00,1.00
2016.12.14 10:20:10.798,8.97778,8.97926,1.00,1.60
2016.12.14 10:20:11.052,8.97778,8.97928,1.00,1.60
2016.12.14 10:20:11.790,8.97778,8.97928,1.00,1.60
2016.12.14 10:20:12.043,8.97778,8.97928,1.00,1.60
2016.12.14 10:20:12.346,8.97778,8.97928,1.00,1.60
2016.12.14 10:20:12.671,8.97778,8.97928,1.00,1.60
2016.12.14 10:20:12.773,8.97778,8.97928,1.00,1.60
2016.12.14 10:20:13.310,8.97778,8.97928,1.00,1.60
2016.12.14 10:20:17.817,8.97766,8.97916,1.00,1.35
2016.12.14 10:20:18.920,8.97764,8.97914,1.00,1.00
2016.12.14 10:20:26.112,8.97764,8.97907,1.00,1.10
2016.12.14 10:20:26.214,8.97764,8.97914,1.00,1.35
2016.12.14 10:20:26.265,8.97764,8.97906,1.00,1.50
2016.12.14 10:20:26.569,8.97764,8.97897,1.00,1.00
2016.12.14 10:20:26.721,8.97752,8.97886,1.00,1.00
2016.12.14 10:20:26.772,8.97752,8.97883,1.00,1.00
2016.12.14 10:20:26.823,8.97711,8.97863,1.00,1.00
2016.12.14 10:20:27.235,8.97701,8.97851,1.00,1.00
2016.12.14 10:20:27.640,8.97711,8.97861,1.00,1.00
2016.12.14 10:20:28.248,8.97699,8.97849,1.00,1.00
2016.12.14 10:20:28.551,8.97681,8.97831,1.00,1.00
2016.12.14 10:20:29.745,8.97692,8.97842,1.00,1.00
2016.12.14 10:20:34.474,8.97704,8.97854,1.00,1.00
2016.12.14 10:20:38.860,8.977,8.9785,1.00,1.00
2016.12.14 10:20:39.573,8.97685,8.97837,1.00,1.00
2016.12.14 10:20:39.886,8.97697,8.97847,1.00,1.00
2016.12.14 10:20:41.577,8.97697,8.97846,1.00,1.00
2016.12.14 10:20:42.185,8.97685,8.97835,1.00,1.00
2016.12.14 10:20:43.259,8.97696,8.97846,1.00,1.00
2016.12.14 10:20:43.614,8.97696,8.97836,1.00,1.00
2016.12.14 10:20:43.669,8.97684,8.97834,1.00,1.00
2016.12.14 10:20:47.723,8.97684,8.97826,1.00,1.00
2016.12.14 10:20:48.099,8.97684,8.97834,1.00,1.00
2016.12.14 10:20:56.710,8.97673,8.97823,1.00,1.00
2016.12.14 10:20:57.018,8.97661,8.97811,1.00,1.00
2016.12.14 10:20:57.271,8.97649,8.97801,1.00,1.00
2016.12.14 10:20:57.777,8.97639,8.97789,1.00,1.00
2016.12.14 10:20:58.081,8.97628,8.97778,1.00,1.00
2016.12.14 10:20:58.906,8.97623,8.97773,1.00,1.00
2016.12.14 10:20:59.917,8.97611,8.97763,1.00,1.00
2016.12.14 10:21:00.883,8.97601,8.97751,1.00,1.00
2016.12.14 10:21:02.182,8.97589,8.97741,1.00,1.00
2016.12.14 10:21:02.384,8.97603,8.97753,1.00,1.00
2016.12.14 10:21:02.789,8.9759,8.9774,1.00,1.00
2016.12.14 10:21:03.092,8.97602,8.97752,1.00,1.00
2016.12.14 10:21:04.232,8.97614,8.97764,1.00,1.00
2016.12.14 10:21:05.213,8.97604,8.97754,1.00,1.00
2016.12.14 10:21:10.502,8.97615,8.97765,1.00,1.00
2016.12.14 10:21:16.121,8.97601,8.97751,1.00,1.00
2016.12.14 10:21:18.929,8.976,8.9775,1.00,1.00
2016.12.14 10:21:21.342,8.97588,8.97738,1.00,1.00
2016.12.14 10:21:26.148,8.97576,8.97726,1.00,1.00
2016.12.14 10:21:30.972,8.97563,8.97713,1.00,1.00
2016.12.14 10:21:33.140,8.97549,8.97699,1.00,1.00
2016.12.14 10:21:33.957,8.97538,8.97688,1.00,1.00
2016.12.14 10:21:34.766,8.97526,8.97676,1.00,1.00
2016.12.14 10:21:36.850,8.97515,8.97665,1.00,1.00
2016.12.14 10:21:38.883,8.97519,8.97669,1.00,1.00
2016.12.14 10:21:43.472,8.97507,8.97657,1.00,1.00
2016.12.14 10:21:51.484,8.97494,8.97644,1.00,1.00
2016.12.14 10:21:51.787,8.97483,8.97633,1.00,1.00
2016.12.14 10:21:53.809,8.97472,8.97622,1.00,1.00
2016.12.14 10:21:54.114,8.97447,8.97597,1.00,1.00
2016.12.14 10:21:55.195,8.97459,8.97609,1.00,1.00
2016.12.14 10:21:58.922,8.97454,8.97604,1.00,1.00
2016.12.14 10:22:00.820,8.97467,8.97617,1.00,1.00
2016.12.14 10:22:01.123,8.97456,8.97606,1.00,1.00
2016.12.14 10:22:01.426,8.9747,8.9762,1.00,1.00
2016.12.14 10:22:03.195,8.97481,8.97631,1.00,1.00
2016.12.14 10:22:03.499,8.97466,8.97616,1.00,1.00
2016.12.14 10:22:03.802,8.97442,8.97592,1.00,1.00
2016.12.14 10:22:04.208,8.9743,8.97582,1.00,1.00
2016.12.14 10:22:04.311,8.97441,8.97591,1.00,1.00
2016.12.14 10:22:04.617,8.97428,8.97578,1.00,1.00
2016.12.14 10:22:04.921,8.97424,8.97574,1.00,1.00
2016.12.14 10:22:05.226,8.97413,8.97563,1.00,1.00
2016.12.14 10:22:05.631,8.97422,8.97574,1.00,1.00
2016.12.14 10:22:05.734,8.97435,8.97587,1.00,1.00
2016.12.14 10:22:06.190,8.97447,8.97597,1.00,1.00
2016.12.14 10:22:13.845,8.97436,8.97586,1.00,1.00
2016.12.14 10:22:15.793,8.97436,8.97586,1.60,1.00
2016.12.14 10:22:15.945,8.97449,8.97599,1.00,1.00
2016.12.14 10:22:16.299,8.97449,8.97599,1.60,1.00
2016.12.14 10:22:16.855,8.97462,8.97612,1.00,1.00
2016.12.14 10:22:17.158,8.97476,8.97626,1.00,1.00
2016.12.14 10:22:18.623,8.97486,8.97636,1.00,1.00
2016.12.14 10:22:18.959,8.97479,8.97629,1.00,1.00
2016.12.14 10:22:19.419,8.9749,8.9764,1.00,1.00
2016.12.14 10:22:19.722,8.97479,8.97629,1.00,1.00
2016.12.14 10:22:25.231,8.97489,8.97639,1.00,1.00
2016.12.14 10:22:25.535,8.97478,8.97628,1.00,1.00
2016.12.14 10:22:27.968,8.97466,8.97616,1.00,1.00
2016.12.14 10:22:38.969,8.97465,8.97615,1.00,1.00
2016.12.14 10:22:41.571,8.97452,8.97604,1.00,1.00
2016.12.14 10:22:41.772,8.97452,8.97602,1.00,1.00
2016.12.14 10:22:42.596,8.9744,8.9759,1.00,1.00
2016.12.14 10:22:42.900,8.97429,8.97579,2.10,1.00
2016.12.14 10:22:43.002,8.97446,8.97591,1.00,1.00
2016.12.14 10:22:43.109,8.97466,8.97616,1.00,1.00
2016.12.14 10:22:46.185,8.97454,8.97604,1.00,1.00
2016.12.14 10:22:47.572,8.97465,8.97615,1.00,1.00
2016.12.14 10:22:47.977,8.97454,8.97604,1.00,1.00
2016.12.14 10:22:48.281,8.97464,8.97614,1.00,1.00
2016.12.14 10:22:52.019,8.97453,8.97605,1.00,1.00
2016.12.14 10:22:52.221,8.97465,8.97615,1.00,1.00
2016.12.14 10:22:52.727,8.97453,8.97603,1.00,1.00
2016.12.14 10:22:53.029,8.97441,8.97591,1.00,1.00
2016.12.14 10:22:53.332,8.97427,8.97577,1.60,1.00
2016.12.14 10:22:53.485,8.97441,8.97591,1.00,1.00
2016.12.14 10:22:53.586,8.97452,8.97602,1.00,1.00
2016.12.14 10:22:54.093,8.9744,8.9759,1.00,1.00
2016.12.14 10:22:54.946,8.97445,8.9759,1.00,1.00
2016.12.14 10:22:55.048,8.97434,8.97584,1.00,1.00
2016.12.14 10:22:58.133,8.97424,8.97574,1.00,1.00
2016.12.14 10:22:58.235,8.97403,8.97555,1.00,1.00
2016.12.14 10:22:58.543,8.97415,8.97565,1.00,1.00
2016.12.14 10:22:58.846,8.97437,8.97587,1.00,1.00
2016.12.14 10:23:00.830,8.97426,8.97576,1.00,1.00
2016.12.14 10:23:01.134,8.97439,8.97589,1.00,1.00
2016.12.14 10:23:02.611,8.97425,8.97575,1.00,1.00
2016.12.14 10:23:03.323,8.97414,8.97564,1.00,1.00
2016.12.14 10:23:18.922,8.97422,8.97572,1.00,1.00
2016.12.14 10:23:19.330,8.97407,8.97559,1.00,1.00
2016.12.14 10:23:19.835,8.9742,8.9757,1.00,1.00
2016.12.14 10:23:20.715,8.9742,8.9757,1.00,1.37
2016.12.14 10:23:20.766,8.9742,8.9757,1.00,1.00
2016.12.14 10:23:20.867,8.97405,8.97555,1.00,1.00
2016.12.14 10:23:34.450,8.9739,8.9754,1.00,1.00
2016.12.14 10:23:34.754,8.97401,8.97551,1.00,1.00
2016.12.14 10:23:36.072,8.97411,8.97563,1.00,1.00
2016.12.14 10:23:38.866,8.97409,8.97559,1.00,1.00
2016.12.14 10:23:41.159,8.97395,8.97545,1.00,1.00
2016.12.14 10:23:42.080,8.97405,8.97557,1.00,1.00
2016.12.14 10:23:42.384,8.97392,8.97542,1.00,1.00
2016.12.14 10:23:42.791,8.97406,8.97556,1.00,1.00
2016.12.14 10:23:50.574,8.97388,8.97538,1.00,1.00
2016.12.14 10:23:50.878,8.97399,8.97549,1.00,1.00
2016.12.14 10:23:57.830,8.9741,8.9756,1.00,1.00
2016.12.14 10:23:58.915,8.97406,8.97556,1.00,1.00
2016.12.14 10:24:01.814,8.97403,8.97553,1.00,1.00
2016.12.14 10:24:04.638,8.97392,8.97542,1.00,1.00
2016.12.14 10:24:05.137,8.97364,8.97514,1.00,1.00
2016.12.14 10:24:05.696,8.97352,8.97502,1.60,1.00
2016.12.14 10:24:05.797,8.97352,8.97502,1.00,1.00
2016.12.14 10:24:05.899,8.97363,8.97513,1.00,1.00
2016.12.14 10:24:06.627,8.97352,8.97502,1.00,1.00
2016.12.14 10:24:08.322,8.97341,8.97491,1.00,1.00
2016.12.14 10:24:08.627,8.97328,8.97478,1.00,1.00
2016.12.14 10:24:09.511,8.9734,8.9749,1.00,1.00
2016.12.14 10:24:18.837,8.97343,8.97493,1.00,1.00
2016.12.14 10:24:19.146,8.97351,8.97489,1.00,1.00
2016.12.14 10:24:19.196,8.97351,8.97501,1.00,1.00
2016.12.14 10:24:31.570,8.97363,8.97513,1.00,1.00
2016.12.14 10:24:38.842,8.97354,8.97504,1.00,1.00
2016.12.14 10:24:40.885,8.97337,8.97487,1.00,1.00
2016.12.14 10:24:41.188,8.97348,8.97498,1.00,1.00
2016.12.14 10:24:41.494,8.97389,8.97539,1.00,1.00
2016.12.14 10:24:43.125,8.97402,8.97539,1.00,1.00
2016.12.14 10:24:43.906,8.97401,8.97539,1.00,1.00
2016.12.14 10:24:44.437,8.97402,8.97539,1.00,1.00
2016.12.14 10:24:44.944,8.97401,8.97539,1.00,1.00
2016.12.14 10:24:45.471,8.97402,8.97539,1.00,1.00
2016.12.14 10:24:45.976,8.97401,8.97539,1.00,1.00
2016.12.14 10:24:46.516,8.97402,8.97539,1.00,1.00
2016.12.14 10:24:52.344,8.97401,8.97539,1.00,1.00
2016.12.14 10:24:52.864,8.97402,8.97539,1.00,1.00
2016.12.14 10:24:57.664,8.97389,8.97539,1.00,1.00
2016.12.14 10:24:58.920,8.97388,8.97538,1.00,1.00
2016.12.14 10:24:59.376,8.97399,8.97549,1.00,1.00
2016.12.14 10:24:59.680,8.97386,8.97536,1.00,1.00
2016.12.14 10:25:02.924,8.974,8.9755,1.00,1.00
2016.12.14 10:25:04.112,8.97388,8.97538,1.00,1.00
2016.12.14 10:25:12.934,8.97373,8.97523,1.00,1.00
2016.12.14 10:25:13.285,8.97386,8.97536,1.00,1.00
2016.12.14 10:25:13.740,8.97375,8.97525,1.00,1.00
2016.12.14 10:25:15.316,8.97363,8.97513,1.00,1.00
2016.12.14 10:25:15.620,8.97371,8.97513,1.00,1.00
2016.12.14 10:25:15.670,8.97363,8.97513,1.00,1.00
2016.12.14 10:25:16.739,8.97375,8.97525,1.00,1.00
2016.12.14 10:25:17.716,8.97358,8.97508,1.00,1.00
2016.12.14 10:25:18.020,8.97347,8.97497,1.00,1.00
2016.12.14 10:25:18.384,8.9737,8.9752,1.00,1.00
2016.12.14 10:25:18.840,8.9736,8.9751,1.00,1.00
2016.12.14 10:25:19.346,8.97374,8.97524,1.00,1.00
2016.12.14 10:25:20.466,8.9736,8.9751,1.00,1.00
2016.12.14 10:25:20.771,8.97373,8.97523,1.00,1.00
2016.12.14 10:25:24.730,8.97358,8.97508,1.00,1.00
2016.12.14 10:25:25.033,8.97342,8.97492,1.00,1.00
2016.12.14 10:25:25.337,8.97353,8.97503,1.00,1.00
2016.12.14 10:25:26.484,8.97363,8.97515,1.00,1.00
2016.12.14 10:25:26.939,8.97375,8.97525,1.00,1.00
2016.12.14 10:25:27.854,8.97364,8.97514,1.00,1.00
2016.12.14 10:25:29.876,8.97349,8.97499,1.00,1.00
2016.12.14 10:25:37.257,8.97337,8.97489,1.00,1.00
2016.12.14 10:25:38.894,8.97343,8.97493,1.00,1.00
2016.12.14 10:25:41.695,8.97356,8.97506,1.00,1.00
2016.12.14 10:25:42.475,8.97369,8.97519,1.00,1.00
2016.12.14 10:25:47.869,8.97357,8.97507,1.00,1.00
2016.12.14 10:25:49.524,8.97357,8.97507,1.00,1.60
2016.12.14 10:25:49.791,8.97315,8.97465,1.00,1.00
2016.12.14 10:25:49.893,8.97302,8.97452,1.00,1.00
2016.12.14 10:25:51.830,8.97337,8.97487,1.00,1.00
2016.12.14 10:25:52.134,8.97349,8.97499,1.00,1.00
2016.12.14 10:25:55.501,8.97361,8.97513,1.00,1.00
2016.12.14 10:25:58.423,8.97352,8.97502,1.00,1.00
2016.12.14 10:25:58.727,8.97337,8.97487,1.00,1.00
2016.12.14 10:25:59.090,8.97349,8.97498,1.00,1.00
2016.12.14 10:25:59.141,8.97369,8.97519,1.00,1.00
2016.12.14 10:25:59.495,8.97357,8.97509,1.00,1.00
2016.12.14 10:26:02.331,8.97341,8.97491,1.00,1.00
2016.12.14 10:26:07.135,8.9733,8.9748,1.00,1.00
2016.12.14 10:26:09.538,8.97341,8.97491,1.00,1.00
2016.12.14 10:26:11.760,8.97329,8.97479,1.00,1.00
2016.12.14 10:26:12.553,8.97317,8.97467,1.00,1.00
2016.12.14 10:26:13.718,8.97328,8.97478,1.00,1.00
2016.12.14 10:26:14.949,8.97317,8.97467,1.00,1.00
2016.12.14 10:26:18.972,8.9732,8.9747,1.00,1.00
2016.12.14 10:26:23.549,8.97332,8.97482,1.00,1.00
2016.12.14 10:26:24.358,8.9732,8.97472,1.00,1.00
2016.12.14 10:26:29.575,8.97333,8.97483,1.00,1.00
2016.12.14 10:26:35.773,8.97322,8.97472,1.00,1.00
2016.12.14 10:26:36.079,8.97332,8.97482,1.00,1.00
2016.12.14 10:26:38.901,8.97331,8.97481,1.00,1.00
2016.12.14 10:26:39.665,8.97342,8.97492,1.00,1.00
2016.12.14 10:26:40.768,8.9733,8.9748,1.00,1.00
2016.12.14 10:26:51.181,8.97319,8.97469,1.00,1.00
2016.12.14 10:26:52.398,8.9733,8.9748,1.00,1.00
2016.12.14 10:26:52.744,8.97319,8.97469,1.00,1.00
2016.12.14 10:26:53.048,8.9733,8.9748,1.00,1.00
2016.12.14 10:26:53.351,8.97318,8.97468,1.00,1.00
2016.12.14 10:26:53.654,8.9733,8.9748,1.00,1.00
2016.12.14 10:26:53.958,8.97317,8.97467,1.00,1.00
2016.12.14 10:26:54.261,8.97329,8.97479,1.00,1.00
2016.12.14 10:26:56.027,8.97318,8.97468,1.00,1.00
2016.12.14 10:26:58.900,8.97319,8.97469,1.00,1.00
2016.12.14 10:27:01.315,8.97308,8.97458,1.00,1.00
2016.12.14 10:27:11.723,8.97321,8.97471,1.00,1.00
2016.12.14 10:27:13.424,8.97308,8.97458,1.00,1.00
2016.12.14 10:27:18.261,8.97319,8.97469,1.00,1.00
2016.12.14 10:27:18.937,8.9732,8.9747,1.00,1.00
2016.12.14 10:27:35.350,8.97331,8.97481,1.00,1.00
2016.12.14 10:27:38.848,8.97329,8.97479,1.00,1.00
2016.12.14 10:27:40.565,8.97342,8.97494,1.00,1.00
2016.12.14 10:27:40.769,8.97356,8.97506,1.00,1.00
2016.12.14 10:27:41.080,8.97368,8.97516,1.37,1.00
2016.12.14 10:27:41.384,8.97394,8.97544,1.50,1.00
2016.12.14 10:27:41.640,8.97405,8.97544,1.00,1.00
2016.12.14 10:27:41.692,8.97407,8.97557,1.00,1.00
2016.12.14 10:27:41.744,8.97439,8.97557,1.00,1.00
2016.12.14 10:27:41.796,8.97439,8.9757,1.00,1.00
2016.12.14 10:27:41.898,8.97439,8.97582,1.00,1.00
2016.12.14 10:27:42.000,8.97443,8.97593,1.00,1.00
2016.12.14 10:27:42.051,8.97445,8.97593,1.00,1.00
2016.12.14 10:27:42.173,8.97459,8.9761,1.00,1.00
2016.12.14 10:27:42.376,8.9747,8.9762,1.00,1.00
2016.12.14 10:27:42.477,8.97482,8.97634,1.00,1.00
2016.12.14 10:27:42.528,8.97497,8.97634,1.00,1.00
2016.12.14 10:27:42.984,8.97497,8.97622,1.00,1.00
2016.12.14 10:27:43.035,8.97472,8.97622,1.00,1.00
2016.12.14 10:27:43.187,8.9746,8.9761,1.00,1.00
2016.12.14 10:27:43.794,8.97479,8.9761,1.00,1.00
2016.12.14 10:27:43.996,8.97483,8.97633,1.00,1.00
2016.12.14 10:27:44.098,8.97494,8.97644,1.00,1.00
2016.12.14 10:27:44.402,8.97507,8.97657,1.00,1.00
2016.12.14 10:27:44.794,8.97519,8.97657,1.00,1.00
2016.12.14 10:27:45.010,8.97519,8.97667,1.00,1.00
2016.12.14 10:27:45.062,8.97528,8.97678,1.00,1.00
2016.12.14 10:27:45.163,8.97565,8.97678,1.00,1.00
2016.12.14 10:27:45.568,8.97528,8.97678,1.50,1.00
2016.12.14 10:27:46.312,8.97528,8.97666,1.00,1.00
2016.12.14 10:27:46.869,8.97553,8.97666,1.00,1.00
2016.12.14 10:27:48.589,8.97503,8.97653,1.04,1.00
2016.12.14 10:27:48.842,8.97503,8.97653,1.04,1.00
2016.12.14 10:27:49.705,8.97491,8.97641,1.04,1.00
2016.12.14 10:27:50.059,8.97491,8.97641,1.04,1.00
2016.12.14 10:27:51.530,8.97479,8.97631,1.04,1.00
2016.12.14 10:27:55.082,8.97469,8.97619,1.04,1.00
2016.12.14 10:27:57.900,8.97449,8.97599,1.04,1.00
2016.12.14 10:27:58.204,8.97446,8.97596,1.04,1.00
2016.12.14 10:27:58.306,8.97458,8.97608,1.04,1.00
2016.12.14 10:27:59.016,8.97455,8.97605,1.04,1.00
2016.12.14 10:27:59.565,8.97455,8.97605,1.04,1.00
2016.12.14 10:28:00.071,8.97455,8.97605,1.04,1.00
2016.12.14 10:28:01.042,8.97466,8.97616,1.04,1.00
2016.12.14 10:28:01.093,8.97466,8.97616,1.04,1.00
2016.12.14 10:28:01.398,8.97455,8.97605,1.04,1.00
2016.12.14 10:28:01.805,8.97444,8.97594,1.04,1.00
2016.12.14 10:28:02.473,8.97444,8.97594,1.04,1.00
2016.12.14 10:28:05.058,8.97444,8.97594,1.04,1.00
2016.12.14 10:28:05.462,8.97431,8.97581,1.04,1.00
2016.12.14 10:28:05.715,8.97443,8.97593,1.04,1.00
2016.12.14 10:28:05.863,8.97456,8.97606,1.04,1.00
2016.12.14 10:28:06.370,8.97456,8.97606,1.04,1.00
2016.12.14 10:28:07.766,8.97431,8.97581,1.04,1.00
2016.12.14 10:28:08.069,8.97408,8.97558,1.04,1.00
2016.12.14 10:28:08.120,8.97395,8.97545,1.04,1.00
2016.12.14 10:28:08.221,8.97407,8.97559,1.04,1.00
2016.12.14 10:28:08.323,8.97397,8.97547,1.04,1.00
2016.12.14 10:28:08.626,8.97409,8.97559,1.04,1.00
2016.12.14 10:28:08.728,8.97397,8.97549,1.04,1.00
2016.12.14 10:28:09.033,8.9741,8.9756,1.04,1.00
2016.12.14 10:28:09.569,8.9741,8.9756,1.04,1.00
2016.12.14 10:28:10.887,8.9741,8.9756,1.04,1.00
2016.12.14 10:28:11.574,8.9741,8.9756,1.04,1.00
2016.12.14 10:28:11.877,8.97421,8.97571,1.04,1.00
2016.12.14 10:28:12.079,8.9741,8.9756,1.04,1.00
2016.12.14 10:28:13.163,8.9741,8.9756,1.04,1.00
2016.12.14 10:28:13.267,8.97429,8.97579,1.04,1.00
2016.12.14 10:28:13.582,8.97429,8.97579,1.04,1.00
2016.12.14 10:28:13.835,8.97417,8.97567,1.04,1.00
2016.12.14 10:28:14.594,8.97417,8.97567,1.04,1.00
2016.12.14 10:28:15.537,8.97402,8.97552,1.04,1.00
2016.12.14 10:28:15.841,8.97365,8.97515,1.04,1.00
2016.12.14 10:28:16.144,8.97344,8.97494,1.64,1.00
2016.12.14 10:28:16.549,8.97357,8.97507,1.04,1.00
2016.12.14 10:28:16.600,8.97357,8.97507,1.04,1.00
2016.12.14 10:28:16.651,8.9737,8.9752,1.04,1.00
2016.12.14 10:28:16.854,8.97379,8.97531,1.04,1.00
2016.12.14 10:28:17.771,8.97393,8.97543,1.04,1.00
2016.12.14 10:28:18.479,8.97382,8.97532,1.37,1.00
2016.12.14 10:28:18.784,8.97351,8.97501,1.37,1.00
2016.12.14 10:28:18.987,8.97357,8.97507,1.37,1.00
2016.12.14 10:28:19.088,8.97357,8.97507,1.37,1.00
2016.12.14 10:28:20.344,8.97357,8.97507,1.37,1.00
2016.12.14 10:28:20.497,8.97369,8.97519,1.37,1.00
2016.12.14 10:28:20.599,8.97386,8.97536,1.37,1.00
2016.12.14 10:28:20.803,8.97368,8.97518,1.37,1.00
2016.12.14 10:28:21.360,8.97356,8.97506,1.37,1.00
2016.12.14 10:28:21.573,8.97356,8.97506,1.37,1.00
2016.12.14 10:28:22.180,8.97344,8.97494,1.37,1.00
2016.12.14 10:28:28.110,8.97344,8.97494,1.37,1.00
2016.12.14 10:28:28.329,8.97357,8.97507,1.37,1.00
2016.12.14 10:28:29.303,8.97346,8.97496,1.37,1.00
2016.12.14 10:28:30.101,8.97358,8.97508,1.37,1.00
2016.12.14 10:28:30.304,8.97358,8.97508,1.37,1.00
2016.12.14 10:28:33.700,8.9737,8.9752,1.37,1.00
2016.12.14 10:28:34.309,8.9737,8.9752,1.37,1.00
2016.12.14 10:28:36.099,8.9737,8.9752,1.37,1.00
2016.12.14 10:28:37.823,8.9737,8.9752,1.37,1.00
2016.12.14 10:28:38.835,8.97377,8.97527,1.37,1.00
2016.12.14 10:28:39.138,8.97366,8.97516,1.37,1.00
2016.12.14 10:28:43.025,8.97378,8.97528,1.37,1.00
2016.12.14 10:28:44.140,8.97378,8.97528,1.37,1.00
2016.12.14 10:28:49.982,8.97367,8.97517,1.37,1.00
2016.12.14 10:28:50.134,8.97367,8.97517,1.37,1.00
2016.12.14 10:28:50.286,8.97378,8.97528,1.37,1.00
2016.12.14 10:28:51.337,8.97378,8.97528,1.37,1.00
2016.12.14 10:28:53.493,8.97389,8.97539,1.37,1.00
2016.12.14 10:28:54.150,8.97389,8.97539,1.37,1.00
2016.12.14 10:28:56.389,8.97361,8.97511,1.37,1.00
2016.12.14 10:28:56.490,8.97382,8.97532,1.37,1.00
2016.12.14 10:28:56.642,8.97382,8.97532,1.37,1.00
2016.12.14 10:28:58.326,8.97382,8.97532,1.37,1.00
2016.12.14 10:28:58.891,8.97368,8.97518,1.37,1.00
2016.12.14 10:28:58.992,8.9737,8.9752,1.37,1.00
2016.12.14 10:28:59.815,8.9737,8.9752,1.37,1.00
2016.12.14 10:29:00.471,8.97381,8.97531,1.37,1.00
2016.12.14 10:29:01.473,8.97393,8.97543,1.00,1.00
2016.12.14 10:29:01.524,8.97393,8.97543,1.37,1.00
2016.12.14 10:29:03.721,8.97381,8.97531,1.37,1.00
2016.12.14 10:29:05.157,8.97381,8.97531,1.00,1.00
2016.12.14 10:29:11.433,8.97369,8.97521,1.00,1.00
2016.12.14 10:29:16.019,8.97382,8.97532,1.00,1.00
2016.12.14 10:29:16.928,8.97393,8.97543,1.00,1.00
2016.12.14 10:29:17.534,8.97405,8.97555,1.00,1.00
2016.12.14 10:29:17.968,8.97418,8.97568,1.00,1.00
2016.12.14 10:29:18.827,8.97413,8.97563,1.00,1.00
2016.12.14 10:29:19.434,8.97424,8.97574,1.00,1.00
2016.12.14 10:29:30.579,8.97437,8.97587,1.00,1.00
2016.12.14 10:29:32.095,8.97449,8.97599,1.00,1.00
2016.12.14 10:29:38.800,8.97462,8.97612,1.00,1.00
2016.12.14 10:29:39.121,8.97496,8.97648,1.00,1.00
2016.12.14 10:29:40.775,8.97508,8.97658,1.00,1.00
2016.12.14 10:29:42.219,8.97519,8.97669,1.00,1.00
2016.12.14 10:29:45.335,8.97531,8.97681,1.00,1.00
2016.12.14 10:29:46.498,8.97543,8.97693,1.00,1.00
2016.12.14 10:29:46.892,8.97555,8.97705,1.00,1.00
2016.12.14 10:29:48.106,8.97543,8.97693,1.00,1.00
2016.12.14 10:29:48.960,8.97531,8.97681,1.00,1.00
2016.12.14 10:29:51.223,8.9751,8.97662,1.00,1.00
2016.12.14 10:29:51.426,8.97524,8.97674,1.00,1.00
2016.12.14 10:29:57.227,8.97513,8.97663,1.00,1.00
2016.12.14 10:29:58.921,8.97521,8.97671,1.00,1.00
2016.12.14 10:29:59.623,8.97509,8.97659,1.00,1.00
2016.12.14 10:30:00.836,8.97508,8.97658,1.00,1.00
2016.12.14 10:30:01.935,8.9752,8.9767,1.00,1.00
2016.12.14 10:30:03.425,8.97505,8.97655,1.00,1.00
2016.12.14 10:30:03.728,8.97494,8.97644,1.00,1.00
2016.12.14 10:30:04.146,8.97519,8.97669,1.00,1.00
2016.12.14 10:30:04.653,8.97502,8.97652,1.00,1.00
2016.12.14 10:30:04.956,8.9748,8.9763,1.00,1.00
2016.12.14 10:30:05.260,8.97504,8.97654,1.00,1.00
2016.12.14 10:30:06.123,8.97493,8.97643,1.00,1.00
2016.12.14 10:30:07.643,8.97504,8.97654,1.00,1.00
2016.12.14 10:30:08.279,8.97515,8.97665,1.00,1.00
2016.12.14 10:30:08.583,8.97512,8.97662,1.00,1.00
2016.12.14 10:30:09.532,8.97501,8.97651,1.00,1.00
2016.12.14 10:30:10.047,8.97491,8.97641,1.00,1.00
2016.12.14 10:30:13.932,8.97502,8.97652,1.00,1.00
2016.12.14 10:30:15.575,8.9749,8.9764,1.00,1.00
2016.12.14 10:30:15.879,8.97504,8.97654,1.00,1.00
2016.12.14 10:30:16.193,8.97515,8.97665,1.00,1.00
2016.12.14 10:30:18.885,8.97516,8.97666,1.00,1.00
2016.12.14 10:30:20.272,8.97506,8.97656,1.00,1.00
2016.12.14 10:30:27.980,8.97517,8.97667,1.00,1.00
2016.12.14 10:30:29.010,8.97527,8.97679,1.00,1.00
2016.12.14 10:30:29.162,8.9754,8.9769,1.00,1.00
2016.12.14 10:30:29.567,8.97552,8.97702,1.00,1.00
2016.12.14 10:30:29.878,8.97563,8.97713,1.00,1.00
2016.12.14 10:30:30.971,8.97576,8.97726,1.00,1.00
2016.12.14 10:30:31.477,8.97587,8.97737,1.00,1.00
2016.12.14 10:30:31.781,8.97575,8.97725,1.00,1.00
2016.12.14 10:30:32.084,8.97591,8.97741,1.00,1.00
2016.12.14 10:30:32.500,8.97604,8.97754,1.00,1.00
2016.12.14 10:30:36.317,8.97614,8.97766,1.00,1.00
2016.12.14 10:30:36.368,8.97614,8.97766,1.37,1.00
2016.12.14 10:30:36.671,8.97627,8.97777,1.00,1.00
2016.12.14 10:30:36.975,8.97624,8.97774,1.00,1.00
2016.12.14 10:30:38.825,8.97635,8.97785,1.00,1.00
2016.12.14 10:30:39.162,8.9764,8.9779,1.00,1.00
2016.12.14 10:30:39.617,8.9764,8.97786,1.00,1.00
2016.12.14 10:30:40.099,8.9764,8.9779,1.00,1.00
2016.12.14 10:30:41.319,8.97653,8.97805,1.00,1.00
2016.12.14 10:30:41.724,8.97666,8.97806,1.00,1.00
2016.12.14 10:30:42.583,8.97666,8.97816,1.00,1.00
2016.12.14 10:30:42.836,8.97666,8.97806,1.00,1.00
2016.12.14 10:30:43.005,8.97666,8.97816,1.00,1.50
2016.12.14 10:30:43.056,8.97666,8.97806,1.00,1.00
2016.12.14 10:30:43.360,8.97677,8.97816,1.00,1.00
2016.12.14 10:30:43.816,8.97677,8.97826,1.00,1.95
2016.12.14 10:30:43.867,8.97677,8.97816,1.00,1.00
2016.12.14 10:30:43.918,8.97677,8.97826,1.00,1.00
2016.12.14 10:30:43.969,8.97677,8.97816,1.00,1.00
2016.12.14 10:30:44.020,8.97677,8.97826,1.00,1.10
2016.12.14 10:30:44.122,8.97677,8.97816,1.00,1.00
2016.12.14 10:30:44.453,8.97677,8.97826,1.00,1.00
2016.12.14 10:30:44.505,8.97677,8.97816,1.00,1.00
2016.12.14 10:30:44.910,8.97677,8.97806,1.00,1.00
2016.12.14 10:30:46.420,8.97677,8.97817,1.00,1.00
2016.12.14 10:30:46.723,8.97689,8.97816,1.00,1.00
2016.12.14 10:30:46.930,8.97689,8.97826,1.00,1.00
2016.12.14 10:30:47.638,8.97701,8.97836,1.00,1.00
2016.12.14 10:30:47.941,8.97713,8.97846,1.00,1.95
2016.12.14 10:30:47.993,8.97713,8.97856,1.00,1.20
2016.12.14 10:30:48.045,8.97724,8.97857,1.00,1.27
2016.12.14 10:30:48.248,8.97724,8.97866,1.00,1.35
2016.12.14 10:30:48.349,8.97724,8.97856,1.00,1.00
2016.12.14 10:30:48.400,8.97724,8.97867,1.00,1.10
2016.12.14 10:30:48.451,8.97736,8.97856,1.00,1.42
2016.12.14 10:30:48.654,8.97724,8.97856,1.00,1.00
2016.12.14 10:30:48.756,8.97724,8.97846,1.00,1.00
2016.12.14 10:30:48.857,8.97712,8.97836,1.00,1.00
2016.12.14 10:30:48.908,8.97712,8.97846,1.00,1.00
2016.12.14 10:30:49.923,8.97712,8.97837,1.00,1.00
2016.12.14 10:30:50.342,8.97712,8.97856,1.00,1.00
2016.12.14 10:30:50.393,8.97712,8.97836,1.00,1.00
2016.12.14 10:30:50.444,8.977,8.97836,1.00,1.00
2016.12.14 10:30:50.597,8.977,8.97847,1.00,1.00
2016.12.14 10:30:50.850,8.977,8.9785,1.00,1.00
2016.12.14 10:30:50.901,8.977,8.97846,1.00,1.00
2016.12.14 10:30:51.307,8.977,8.9785,1.00,1.00
2016.12.14 10:30:51.358,8.977,8.97846,1.00,1.00
2016.12.14 10:30:52.106,8.977,8.97847,1.00,1.00
2016.12.14 10:30:52.315,8.977,8.9785,1.00,1.00
2016.12.14 10:30:52.871,8.977,8.97847,1.00,1.00
2016.12.14 10:30:52.922,8.977,8.9785,1.00,1.00
2016.12.14 10:30:53.226,8.977,8.97846,1.00,1.00
2016.12.14 10:30:53.535,8.97663,8.97791,1.00,1.00
2016.12.14 10:30:53.636,8.97658,8.97808,1.00,1.00
2016.12.14 10:30:53.841,8.97646,8.97796,1.00,1.00
2016.12.14 10:30:54.650,8.97634,8.97786,1.00,1.00
2016.12.14 10:30:56.446,8.97646,8.97796,1.00,1.00
2016.12.14 10:30:57.558,8.97657,8.97807,1.00,1.00
2016.12.14 10:30:57.963,8.97646,8.97796,1.00,1.00
2016.12.14 10:30:58.859,8.97649,8.97799,1.00,1.00
2016.12.14 10:31:02.340,8.97637,8.97789,1.00,1.00
2016.12.14 10:31:07.678,8.97626,8.97776,1.00,1.00
2016.12.14 10:31:09.793,8.97615,8.97765,1.00,1.00
2016.12.14 10:31:14.679,8.97626,8.97776,1.00,1.00
2016.12.14 10:31:18.784,8.9762,8.9777,1.00,1.00
2016.12.14 10:31:21.827,8.9762,8.97766,1.00,1.00
2016.12.14 10:31:21.878,8.9762,8.9777,1.00,1.00
2016.12.14 10:31:26.812,8.97609,8.97759,1.00,1.00
2016.12.14 10:31:28.433,8.97621,8.97771,1.00,1.00
2016.12.14 10:31:30.421,8.97607,8.97756,1.00,1.00
2016.12.14 10:31:30.522,8.97595,8.97745,1.00,1.00
2016.12.14 10:31:31.622,8.97581,8.97731,1.00,1.00
2016.12.14 10:31:33.621,8.97593,8.97743,1.00,1.00
2016.12.14 10:31:33.925,8.97597,8.97747,1.00,1.00
2016.12.14 10:31:34.228,8.97586,8.97736,1.00,1.00
2016.12.14 10:31:35.159,8.97573,8.97723,1.00,1.00
2016.12.14 10:31:38.870,8.97579,8.97729,1.00,1.00
2016.12.14 10:31:42.123,8.9759,8.9774,1.00,1.00
2016.12.14 10:31:48.374,8.9758,8.9773,1.00,1.00
2016.12.14 10:31:48.677,8.97568,8.97718,1.00,1.00
2016.12.14 10:31:52.309,8.97578,8.9773,1.00,1.00
2016.12.14 10:31:52.461,8.9758,8.9773,1.00,1.00
2016.12.14 10:31:52.512,8.97578,8.9773,1.00,1.00
2016.12.14 10:31:52.563,8.97591,8.97741,1.00,1.00
2016.12.14 10:31:52.968,8.97579,8.97729,1.00,1.00
2016.12.14 10:31:53.601,8.97568,8.97718,1.00,1.00
2016.12.14 10:31:53.955,8.97579,8.97729,1.00,1.00
2016.12.14 10:31:54.258,8.9759,8.9774,1.00,1.00
2016.12.14 10:31:58.855,8.97584,8.97736,1.00,1.00
2016.12.14 10:32:07.798,8.97573,8.9772,1.00,1.00
2016.12.14 10:32:08.000,8.97581,8.97731,1.00,1.00
2016.12.14 10:32:09.102,8.97592,8.97742,1.00,1.00
2016.12.14 10:32:10.178,8.9758,8.9773,1.00,1.00
2016.12.14 10:32:10.816,8.97568,8.97718,1.00,1.00
2016.12.14 10:32:11.423,8.9758,8.9773,1.00,1.00
2016.12.14 10:32:11.987,8.97592,8.97742,1.00,1.00
2016.12.14 10:32:17.507,8.97589,8.97731,1.00,1.00
2016.12.14 10:32:18.207,8.97581,8.97731,1.00,1.00
2016.12.14 10:32:18.612,8.97592,8.97741,1.00,1.00
2016.12.14 10:32:18.898,8.97602,8.97752,1.00,1.00
2016.12.14 10:32:20.424,8.97602,8.97736,1.00,1.00
2016.12.14 10:32:20.626,8.9755,8.977,1.00,1.00
2016.12.14 10:32:20.677,8.9755,8.97696,1.00,1.00
2016.12.14 10:32:20.829,8.9754,8.9769,1.00,1.00
2016.12.14 10:32:20.930,8.97528,8.97678,1.00,1.00
2016.12.14 10:32:21.234,8.97515,8.97665,1.00,1.00
2016.12.14 10:32:21.537,8.97501,8.97651,1.00,1.00
2016.12.14 10:32:21.992,8.97501,8.97646,1.00,1.00
2016.12.14 10:32:22.043,8.97489,8.97639,1.00,1.00
2016.12.14 10:32:23.655,8.97478,8.97628,1.00,1.00
2016.12.14 10:32:27.553,8.97493,8.97643,1.00,1.00
2016.12.14 10:32:27.862,8.97504,8.97654,1.00,1.00
2016.12.14 10:32:28.165,8.97515,8.97665,1.00,1.00
2016.12.14 10:32:28.519,8.97529,8.97679,1.00,1.00
2016.12.14 10:32:37.271,8.9754,8.9769,1.00,1.00
2016.12.14 10:32:38.268,8.97527,8.97679,1.00,1.00
2016.12.14 10:32:38.572,8.97543,8.97693,1.00,1.00
2016.12.14 10:32:38.978,8.97535,8.97685,1.00,1.00
2016.12.14 10:32:45.460,8.97524,8.97674,1.00,1.00
2016.12.14 10:32:58.415,8.97537,8.97687,1.00,1.00
2016.12.14 10:32:58.719,8.97526,8.97676,1.00,1.00
2016.12.14 10:32:59.029,8.97529,8.97679,1.00,1.00
2016.12.14 10:33:05.521,8.97541,8.97691,1.00,1.00
2016.12.14 10:33:06.295,8.97552,8.97702,1.00,1.00
2016.12.14 10:33:07.054,8.97554,8.97702,1.00,1.00
2016.12.14 10:33:07.105,8.97564,8.97714,1.00,1.00
2016.12.14 10:33:07.206,8.97563,8.97701,1.00,1.00
2016.12.14 10:33:07.353,8.97577,8.97727,1.00,1.00
2016.12.14 10:33:08.316,8.97588,8.97738,1.00,1.00
2016.12.14 10:33:09.740,8.97576,8.97726,1.00,1.00
2016.12.14 10:33:10.045,8.97587,8.97737,1.00,1.00
2016.12.14 10:33:11.411,8.97576,8.97726,1.00,1.00
2016.12.14 10:33:18.757,8.97588,8.97738,1.00,1.00
2016.12.14 10:33:19.264,8.97587,8.97737,1.00,1.00
2016.12.14 10:33:25.237,8.97576,8.97726,1.00,1.00
2016.12.14 10:33:28.040,8.97565,8.97715,1.00,1.00
2016.12.14 10:33:28.345,8.97588,8.97738,1.00,1.00
2016.12.14 10:33:30.835,8.97589,8.97738,1.00,1.00
2016.12.14 10:33:31.341,8.97588,8.97738,1.00,1.00
2016.12.14 10:33:31.795,8.97593,8.97738,1.00,1.00
2016.12.14 10:33:31.846,8.97601,8.97751,1.00,1.00
2016.12.14 10:33:31.897,8.97624,8.97751,1.00,1.00
2016.12.14 10:33:31.948,8.97624,8.97763,1.00,1.00
2016.12.14 10:33:31.999,8.97664,8.97763,1.00,1.00
2016.12.14 10:33:32.050,8.97664,8.97796,1.00,1.00
2016.12.14 10:33:32.152,8.97664,8.97814,1.00,1.00
2016.12.14 10:33:38.389,8.97651,8.97803,1.00,1.00
2016.12.14 10:33:38.593,8.9767,8.97822,1.00,1.00
2016.12.14 10:33:38.897,8.97679,8.97831,1.00,1.00
2016.12.14 10:33:43.098,8.97691,8.97841,1.00,1.00
2016.12.14 10:33:43.402,8.97724,8.97876,1.00,1.00
2016.12.14 10:33:43.574,8.9774,8.9789,1.00,1.00
2016.12.14 10:33:44.280,8.97752,8.97902,1.00,1.00
2016.12.14 10:33:44.584,8.97739,8.97889,1.00,1.00
2016.12.14 10:33:46.074,8.9775,8.979,1.00,1.00
2016.12.14 10:33:46.378,8.97762,8.97912,1.00,1.00
2016.12.14 10:33:46.880,8.9775,8.979,1.00,1.00
2016.12.14 10:33:47.286,8.97739,8.97889,1.00,1.00
2016.12.14 10:33:47.589,8.97731,8.97872,1.00,1.00
2016.12.14 10:33:47.894,8.97731,8.97859,1.00,1.00
2016.12.14 10:33:48.198,8.97731,8.9787,1.00,1.00
2016.12.14 10:33:48.951,8.9773,8.9787,1.50,1.00
2016.12.14 10:33:49.002,8.9773,8.9788,2.25,1.00
2016.12.14 10:33:49.534,8.97731,8.9788,1.00,1.00
2016.12.14 10:33:50.614,8.9773,8.9788,2.25,1.00
2016.12.14 10:33:51.120,8.97731,8.9788,1.00,1.00
2016.12.14 10:33:54.228,8.97731,8.97868,1.00,1.00
2016.12.14 10:33:55.839,8.9773,8.97868,1.50,1.00
2016.12.14 10:33:56.816,8.97731,8.97868,1.00,1.00
2016.12.14 10:33:57.494,8.97731,8.97857,1.00,1.00
2016.12.14 10:33:58.832,8.97731,8.97868,1.00,1.00
2016.12.14 10:33:59.375,8.97731,8.97867,1.00,1.00
2016.12.14 10:34:01.920,8.9773,8.97867,1.00,1.00
2016.12.14 10:34:02.427,8.97731,8.97867,1.00,1.00
2016.12.14 10:34:02.731,8.97731,8.97857,1.00,1.00
2016.12.14 10:34:04.406,8.97707,8.97857,1.00,1.00
2016.12.14 10:34:04.761,8.97707,8.97843,1.00,1.00
2016.12.14 10:34:04.813,8.97707,8.97853,1.00,1.00
2016.12.14 10:34:04.915,8.97707,8.97843,1.00,1.00
2016.12.14 10:34:05.132,8.97707,8.97857,1.50,1.00
2016.12.14 10:34:05.233,8.97718,8.97868,1.00,1.00
2016.12.14 10:34:05.741,8.97718,8.97866,1.00,1.00
2016.12.14 10:34:05.792,8.97718,8.97868,1.00,1.00
2016.12.14 10:34:05.843,8.97707,8.97857,1.50,1.00
2016.12.14 10:34:06.248,8.97707,8.97843,1.00,1.00
2016.12.14 10:34:06.561,8.97706,8.97855,1.00,1.00
2016.12.14 10:34:06.662,8.97707,8.97843,1.00,1.00
2016.12.14 10:34:06.966,8.97707,8.97828,1.00,1.00
2016.12.14 10:34:07.828,8.97707,8.97842,1.00,1.00
2016.12.14 10:34:07.929,8.97716,8.97866,1.00,1.00
2016.12.14 10:34:10.777,8.97731,8.97866,1.00,1.00
2016.12.14 10:34:10.930,8.97731,8.9788,1.00,1.00
2016.12.14 10:34:10.981,8.9774,8.9788,1.00,1.00
2016.12.14 10:34:11.032,8.97749,8.97899,1.00,1.00
2016.12.14 10:34:11.133,8.97766,8.97916,1.00,1.00
2016.12.14 10:34:11.478,8.97753,8.97903,1.00,1.00
2016.12.14 10:34:11.782,8.97769,8.97919,1.00,1.00
2016.12.14 10:34:12.917,8.97769,8.97915,1.00,1.00
2016.12.14 10:34:13.150,8.97758,8.97905,1.00,1.00
2016.12.14 10:34:14.520,8.97757,8.97905,1.00,1.00
2016.12.14 10:34:14.975,8.97767,8.97917,1.00,1.00
2016.12.14 10:34:18.865,8.97768,8.97918,1.00,1.00
2016.12.14 10:34:21.369,8.97758,8.97908,1.00,1.00
2016.12.14 10:34:21.883,8.97768,8.97918,1.00,1.00
2016.12.14 10:34:23.479,8.97758,8.97908,1.00,1.00
2016.12.14 10:34:23.783,8.97768,8.97918,1.00,1.00
2016.12.14 10:34:24.188,8.97758,8.97905,1.00,1.00
2016.12.14 10:34:25.507,8.97767,8.97917,1.00,1.00
2016.12.14 10:34:25.969,8.97758,8.97907,1.00,1.00
2016.12.14 10:34:27.473,8.97757,8.97907,1.50,1.00
2016.12.14 10:34:28.022,8.97758,8.97907,1.00,1.00
2016.12.14 10:34:28.682,8.9777,8.9792,1.00,1.00
2016.12.14 10:34:29.087,8.97758,8.97908,1.50,1.00
2016.12.14 10:34:32.581,8.97768,8.97918,1.00,1.00
2016.12.14 10:34:33.340,8.97782,8.97918,1.00,1.00
2016.12.14 10:34:33.391,8.97786,8.97936,1.00,1.50
2016.12.14 10:34:34.099,8.97783,8.97926,1.00,1.00
2016.12.14 10:34:34.810,8.97783,8.97914,1.00,1.00
2016.12.14 10:34:34.912,8.97783,8.9793,1.00,1.00
2016.12.14 10:34:35.317,8.97783,8.97919,1.00,1.00
2016.12.14 10:34:35.824,8.97782,8.97919,1.00,1.00
2016.12.14 10:34:36.335,8.97783,8.97919,1.00,1.00
2016.12.14 10:34:36.741,8.97769,8.97919,1.00,1.00
2016.12.14 10:34:36.792,8.97759,8.97909,1.00,1.00
2016.12.14 10:34:38.194,8.97771,8.97921,1.00,1.00
2016.12.14 10:34:38.498,8.9776,8.9791,1.00,1.00
2016.12.14 10:34:38.802,8.97762,8.97912,1.00,1.00
2016.12.14 10:34:43.109,8.97756,8.97862,1.00,1.00
2016.12.14 10:34:43.160,8.97739,8.97862,1.00,1.00
2016.12.14 10:34:43.211,8.97761,8.97862,1.00,1.00
2016.12.14 10:34:43.313,8.97757,8.97862,1.00,1.00
2016.12.14 10:34:43.416,8.97758,8.97882,1.00,1.50
2016.12.14 10:34:43.517,8.97758,8.97893,1.00,1.00
2016.12.14 10:34:43.720,8.97758,8.97905,1.00,1.00
2016.12.14 10:34:43.923,8.97766,8.97916,1.00,1.00
2016.12.14 10:34:44.943,8.97781,8.97928,1.00,1.00
2016.12.14 10:34:45.803,8.97783,8.97928,1.00,1.00
2016.12.14 10:34:48.723,8.97783,8.97915,1.00,1.00
2016.12.14 10:34:49.028,8.97783,8.97902,1.00,1.00
2016.12.14 10:34:50.272,8.97781,8.97902,1.00,1.00
2016.12.14 10:34:50.323,8.97758,8.97902,1.00,1.00
2016.12.14 10:34:50.424,8.97758,8.97889,1.00,1.00
2016.12.14 10:34:51.144,8.97757,8.97889,1.50,1.00
2016.12.14 10:34:51.645,8.97757,8.97878,1.50,1.00
2016.12.14 10:34:51.847,8.97758,8.97889,1.00,1.00
2016.12.14 10:34:58.756,8.97758,8.97878,1.00,1.00
2016.12.14 10:35:00.027,8.97757,8.97878,1.50,1.00
2016.12.14 10:35:00.179,8.97757,8.9789,1.50,1.00
2016.12.14 10:35:00.708,8.97758,8.9789,1.00,1.00
2016.12.14 10:35:01.771,8.97757,8.9789,1.50,1.00
2016.12.14 10:35:01.909,8.97757,8.97878,1.50,1.00
2016.12.14 10:35:02.415,8.97758,8.97878,1.00,1.00
2016.12.14 10:35:04.679,8.97757,8.97878,1.50,1.00
2016.12.14 10:35:05.196,8.97758,8.97878,1.00,1.00
2016.12.14 10:35:05.876,8.97758,8.97868,1.00,1.00
