2017.10.23 11:00:00.410,9.39399,9.39507,1.00,1.00
2017.10.23 11:00:01.254,9.39399,9.39506,1.00,1.00
2017.10.23 11:00:03.598,9.3939,9.39506,1.00,1.00
2017.10.23 11:00:07.575,9.3939,9.39496,1.00,1.00
2017.10.23 11:00:07.728,9.39373,9.39497,1.00,1.00
2017.10.23 11:00:07.830,9.39365,9.39496,1.00,1.00
2017.10.23 11:00:07.984,9.39365,9.3949,1.00,1.00
2017.10.23 11:00:09.059,9.39365,9.39485,1.00,1.00
2017.10.23 11:00:10.934,9.39355,9.39473,1.00,1.00
2017.10.23 11:00:13.645,9.39353,9.39473,1.00,1.00
2017.10.23 11:00:14.975,9.39353,9.39466,1.00,1.00
2017.10.23 11:00:15.026,9.39345,9.39466,1.00,1.00
2017.10.23 11:00:15.128,9.39337,9.39465,1.00,1.00
2017.10.23 11:00:26.258,9.39337,9.39445,1.00,1.00
2017.10.23 11:00:26.550,9.39325,9.39445,1.00,1.00
2017.10.23 11:00:31.044,9.39325,9.39454,1.00,1.00
2017.10.23 11:00:33.635,9.39323,9.39454,1.00,1.00
2017.10.23 11:00:37.197,9.39323,9.39445,1.00,1.00
2017.10.23 11:00:38.489,9.39323,9.39448,1.00,1.00
2017.10.23 11:00:38.540,9.39323,9.39445,1.00,1.00
2017.10.23 11:00:39.285,9.39323,9.39437,1.00,1.00
2017.10.23 11:00:39.388,9.3931,9.39437,1.00,1.00
2017.10.23 11:00:47.358,9.3931,9.39432,1.00,1.00
2017.10.23 11:00:47.663,9.39319,9.39432,1.00,1.00
2017.10.23 11:00:52.898,9.39303,9.39432,1.00,1.00
2017.10.23 11:00:52.949,9.39303,9.39441,1.00,1.00
2017.10.23 11:00:53.000,9.39311,9.39441,1.00,1.00
2017.10.23 11:00:53.688,9.39312,9.39441,1.00,1.00
2017.10.23 11:00:55.496,9.39303,9.39441,1.00,1.00
2017.10.23 11:01:03.007,9.3931,9.39441,1.00,1.00
2017.10.23 11:01:03.699,9.39302,9.39441,1.00,1.00
2017.10.23 11:01:03.902,9.39311,9.39441,1.00,1.00
2017.10.23 11:01:06.486,9.39302,9.39441,1.00,1.00
2017.10.23 11:01:06.924,9.39302,9.39428,1.00,1.00
2017.10.23 11:01:13.596,9.39301,9.39428,1.00,1.00
2017.10.23 11:01:17.126,9.39301,9.39422,1.00,1.00
2017.10.23 11:01:17.361,9.39199,9.39326,1.00,1.00
2017.10.23 11:01:17.412,9.39181,9.39321,1.00,1.00
2017.10.23 11:01:17.618,9.39169,9.39309,1.00,1.00
2017.10.23 11:01:17.924,9.39149,9.39284,1.50,1.00
2017.10.23 11:01:18.226,9.39134,9.39274,1.00,1.00
2017.10.23 11:01:21.518,9.39143,9.39283,1.00,1.00
2017.10.23 11:01:25.378,9.39143,9.39276,1.00,1.00
2017.10.23 11:01:26.922,9.39133,9.39275,1.00,1.00
2017.10.23 11:01:33.640,9.39139,9.39277,1.00,1.00
2017.10.23 11:01:34.503,9.39139,9.39276,1.00,1.00
2017.10.23 11:01:36.038,9.39139,9.39279,1.00,1.00
2017.10.23 11:01:36.089,9.39139,9.39277,1.00,1.00
2017.10.23 11:01:36.652,9.39139,9.39276,1.00,1.00
2017.10.23 11:01:39.152,9.39139,9.39277,1.00,1.00
2017.10.23 11:01:40.540,9.39139,9.39279,1.00,1.00
2017.10.23 11:01:40.592,9.39139,9.39276,1.00,1.00
2017.10.23 11:01:41.172,9.39139,9.39277,1.00,1.00
2017.10.23 11:01:42.095,9.39139,9.39276,1.00,1.00
2017.10.23 11:01:43.417,9.39139,9.39279,1.00,1.00
2017.10.23 11:01:43.469,9.39147,9.39287,1.00,1.00
2017.10.23 11:01:43.571,9.3918,9.39322,1.00,1.00
2017.10.23 11:01:43.673,9.3919,9.3933,1.00,1.00
2017.10.23 11:01:43.978,9.39169,9.39311,1.00,1.00
2017.10.23 11:01:44.225,9.39159,9.39296,1.00,1.00
2017.10.23 11:01:44.327,9.39142,9.39282,1.00,1.00
2017.10.23 11:01:44.379,9.39133,9.39273,1.25,1.00
2017.10.23 11:01:45.819,9.39133,9.39266,1.00,1.00
2017.10.23 11:01:45.871,9.39133,9.39273,1.00,1.00
2017.10.23 11:01:45.922,9.39133,9.39266,1.00,1.00
2017.10.23 11:01:45.974,9.39122,9.39262,1.00,1.00
2017.10.23 11:01:46.025,9.39122,9.39256,1.00,1.50
2017.10.23 11:01:46.076,9.39112,9.39252,1.00,1.00
2017.10.23 11:01:46.585,9.39129,9.39269,1.00,1.00
2017.10.23 11:01:46.901,9.39119,9.39259,1.00,1.00
2017.10.23 11:01:47.716,9.39119,9.39256,1.00,1.00
2017.10.23 11:01:47.767,9.39119,9.39259,1.00,1.00
2017.10.23 11:01:47.818,9.39119,9.39246,1.00,1.50
2017.10.23 11:01:47.987,9.39089,9.39229,1.00,1.00
2017.10.23 11:01:48.244,9.39089,9.39226,1.00,1.00
2017.10.23 11:01:48.295,9.39089,9.39229,1.00,1.00
2017.10.23 11:01:48.347,9.39089,9.39226,1.00,1.00
2017.10.23 11:01:48.398,9.39079,9.39219,1.00,1.00
2017.10.23 11:01:49.870,9.39088,9.39228,1.00,1.00
2017.10.23 11:01:52.180,9.39101,9.39241,1.00,1.00
2017.10.23 11:01:52.490,9.39093,9.39233,1.00,1.00
2017.10.23 11:01:53.690,9.39098,9.39238,1.00,1.00
2017.10.23 11:01:54.471,9.39089,9.39229,1.00,1.00
2017.10.23 11:02:03.243,9.39089,9.39216,1.00,1.00
2017.10.23 11:02:03.498,9.38923,9.39063,1.00,1.00
2017.10.23 11:02:03.600,9.38914,9.39054,1.00,1.00
2017.10.23 11:02:03.905,9.38892,9.39032,1.00,1.00
2017.10.23 11:02:04.314,9.38881,9.39021,1.00,1.00
2017.10.23 11:02:04.619,9.38876,9.39016,1.00,1.00
2017.10.23 11:02:04.990,9.3889,9.3903,1.00,1.00
2017.10.23 11:02:05.296,9.38959,9.39101,1.00,1.00
2017.10.23 11:02:07.934,9.3897,9.3911,1.00,1.00
2017.10.23 11:02:08.442,9.3898,9.3912,1.00,1.00
2017.10.23 11:02:08.899,9.38971,9.39111,1.00,1.00
2017.10.23 11:02:13.609,9.38973,9.39113,1.00,1.00
2017.10.23 11:02:27.958,9.38965,9.39105,1.00,1.00
2017.10.23 11:02:30.679,9.38955,9.39095,1.00,1.00
2017.10.23 11:02:32.155,9.38968,9.39108,1.00,1.00
2017.10.23 11:02:33.062,9.38977,9.39117,1.00,1.00
2017.10.23 11:02:33.645,9.38973,9.39113,1.00,1.00
2017.10.23 11:02:37.876,9.38963,9.39105,1.00,1.00
2017.10.23 11:02:37.978,9.38988,9.39128,1.00,1.00
2017.10.23 11:02:39.169,9.38997,9.39139,1.00,1.00
2017.10.23 11:02:39.685,9.38989,9.39129,1.00,1.00
2017.10.23 11:02:39.994,9.38998,9.39138,1.00,1.00
2017.10.23 11:02:50.184,9.38989,9.39129,1.00,1.00
2017.10.23 11:02:53.597,9.3899,9.3913,1.00,1.00
2017.10.23 11:03:02.914,9.38981,9.39121,1.00,1.00
2017.10.23 11:03:07.351,9.38992,9.39132,1.00,1.00
2017.10.23 11:03:12.157,9.38983,9.39123,1.00,1.00
2017.10.23 11:03:13.738,9.38976,9.39116,1.00,1.00
2017.10.23 11:03:14.067,9.38985,9.39125,1.00,1.00
2017.10.23 11:03:15.226,9.38976,9.39116,1.00,1.00
2017.10.23 11:03:21.954,9.38985,9.39125,1.00,1.00
2017.10.23 11:03:31.178,9.38976,9.39116,1.00,1.00
2017.10.23 11:03:32.367,9.38989,9.39129,1.00,1.00
2017.10.23 11:03:32.895,9.3898,9.3912,1.00,1.00
2017.10.23 11:03:35.991,9.38988,9.39128,1.00,1.00
2017.10.23 11:03:36.305,9.38979,9.39119,1.00,1.00
2017.10.23 11:03:37.885,9.38989,9.39129,1.00,1.00
2017.10.23 11:03:47.300,9.38976,9.39116,1.00,1.00
2017.10.23 11:03:48.796,9.38989,9.39129,1.00,1.00
2017.10.23 11:03:53.593,9.38977,9.39117,1.00,1.00
2017.10.23 11:04:02.607,9.38968,9.39108,1.00,1.00
2017.10.23 11:04:02.917,9.38982,9.39122,1.00,1.00
2017.10.23 11:04:12.210,9.38989,9.39129,1.00,1.00
2017.10.23 11:04:13.639,9.38985,9.39125,1.00,1.00
2017.10.23 11:04:15.028,9.38974,9.39114,1.00,1.00
2017.10.23 11:04:20.181,9.38982,9.39122,1.00,1.00
2017.10.23 11:04:24.349,9.38971,9.39111,1.00,1.00
2017.10.23 11:04:24.699,9.38981,9.39121,1.00,1.00
2017.10.23 11:04:33.688,9.38977,9.39119,1.00,1.00
2017.10.23 11:04:53.710,9.38978,9.39118,1.00,1.00
2017.10.23 11:04:56.584,9.38969,9.39109,1.00,1.00
2017.10.23 11:04:58.408,9.38978,9.39118,1.00,1.00
2017.10.23 11:05:01.221,9.38969,9.39109,1.00,1.00
2017.10.23 11:05:01.561,9.38978,9.39118,1.00,1.00
2017.10.23 11:05:13.648,9.3898,9.3912,1.00,1.00
2017.10.23 11:05:21.124,9.38984,9.39124,1.00,1.00
2017.10.23 11:05:22.474,9.38992,9.39134,1.00,1.00
2017.10.23 11:05:23.341,9.39005,9.39147,1.00,1.00
2017.10.23 11:05:23.647,9.39054,9.39193,1.00,1.00
2017.10.23 11:05:23.749,9.39063,9.39203,1.00,1.00
2017.10.23 11:05:23.952,9.39072,9.39212,1.00,1.00
2017.10.23 11:05:24.676,9.39089,9.39229,1.00,1.00
2017.10.23 11:05:30.960,9.39098,9.39238,1.00,1.00
2017.10.23 11:05:31.298,9.39088,9.39228,1.00,1.00
2017.10.23 11:05:33.692,9.3909,9.3923,1.00,1.00
2017.10.23 11:05:37.489,9.39076,9.39216,1.00,1.00
2017.10.23 11:05:40.618,9.39086,9.39226,1.00,1.00
2017.10.23 11:05:40.922,9.39076,9.39218,1.00,1.00
2017.10.23 11:05:44.238,9.39087,9.39227,1.00,1.00
2017.10.23 11:05:44.340,9.39073,9.39215,1.00,1.00
2017.10.23 11:06:01.337,9.39075,9.39215,1.00,1.00
2017.10.23 11:06:02.256,9.39093,9.39235,1.00,1.00
2017.10.23 11:06:02.562,9.39084,9.39224,1.00,1.00
2017.10.23 11:06:03.132,9.39096,9.39236,1.00,1.00
2017.10.23 11:06:04.152,9.39084,9.39224,1.00,1.00
2017.10.23 11:06:10.477,9.39093,9.39233,1.00,1.00
2017.10.23 11:06:11.580,9.39103,9.39245,1.00,1.00
2017.10.23 11:06:11.682,9.39113,9.39253,1.00,1.00
2017.10.23 11:06:11.987,9.39123,9.39263,1.00,1.00
2017.10.23 11:06:13.659,9.39128,9.39268,1.00,1.00
2017.10.23 11:06:16.193,9.39118,9.39258,1.00,1.00
2017.10.23 11:06:18.382,9.3911,9.3925,1.00,1.00
2017.10.23 11:06:33.692,9.39109,9.39249,1.00,1.00
2017.10.23 11:07:07.876,9.39119,9.39259,1.00,1.00
2017.10.23 11:07:08.177,9.39108,9.39248,1.00,1.00
2017.10.23 11:07:08.499,9.39118,9.39258,1.00,1.00
2017.10.23 11:07:12.795,9.39108,9.39248,1.00,1.00
2017.10.23 11:07:33.642,9.39106,9.39246,1.00,1.00
2017.10.23 11:08:13.692,9.39105,9.39245,1.00,1.00
2017.10.23 11:08:26.008,9.39094,9.39236,1.00,1.00
2017.10.23 11:08:26.109,9.39082,9.39224,1.00,1.00
2017.10.23 11:08:26.415,9.39084,9.39224,1.00,1.00
2017.10.23 11:08:26.721,9.39064,9.39204,1.00,1.00
2017.10.23 11:08:26.872,9.39052,9.39194,1.00,1.00
2017.10.23 11:08:27.850,9.39039,9.39179,1.00,1.00
2017.10.23 11:08:28.651,9.3905,9.3919,1.00,1.00
2017.10.23 11:08:28.991,9.39042,9.39182,1.00,1.00
2017.10.23 11:08:29.296,9.3905,9.3919,1.00,1.00
2017.10.23 11:08:30.048,9.39041,9.39181,1.00,1.00
2017.10.23 11:08:30.453,9.39031,9.39171,1.00,1.00
2017.10.23 11:08:30.759,9.38966,9.39106,1.00,1.00
2017.10.23 11:08:31.103,9.3893,9.3907,1.00,1.00
2017.10.23 11:08:31.408,9.38919,9.39059,1.00,1.00
2017.10.23 11:08:33.628,9.38923,9.39063,1.00,1.00
2017.10.23 11:08:34.716,9.38915,9.39055,1.00,1.00
2017.10.23 11:08:53.690,9.38913,9.39053,1.00,1.00
2017.10.23 11:08:56.689,9.38905,9.39045,1.00,1.00
2017.10.23 11:08:59.970,9.38892,9.39032,1.00,1.00
2017.10.23 11:09:00.276,9.38857,9.38997,1.00,1.00
2017.10.23 11:09:00.378,9.38824,9.38966,1.00,1.00
2017.10.23 11:09:00.681,9.38833,9.38975,1.00,1.00
2017.10.23 11:09:01.006,9.38824,9.38964,1.00,1.00
2017.10.23 11:09:01.315,9.38834,9.38974,1.00,1.00
2017.10.23 11:09:02.465,9.38846,9.38986,1.00,1.00
2017.10.23 11:09:02.770,9.38855,9.38995,1.00,1.00
2017.10.23 11:09:04.897,9.38864,9.39004,1.00,1.00
2017.10.23 11:09:33.640,9.38868,9.39008,1.00,1.00
2017.10.23 11:09:46.906,9.38859,9.39001,1.00,1.00
2017.10.23 11:09:47.075,9.38871,9.39011,1.00,1.00
2017.10.23 11:09:53.693,9.38868,9.39008,1.00,1.00
2017.10.23 11:10:01.388,9.38855,9.38995,1.00,1.00
2017.10.23 11:10:01.697,9.38866,9.39006,1.00,1.00
2017.10.23 11:10:02.043,9.38854,9.38994,1.00,1.00
2017.10.23 11:10:09.931,9.38845,9.38985,1.00,1.00
2017.10.23 11:10:10.257,9.38815,9.38955,1.00,1.00
2017.10.23 11:10:10.566,9.38786,9.38926,1.00,1.00
2017.10.23 11:10:13.639,9.3879,9.3893,1.00,1.00
2017.10.23 11:10:16.879,9.388,9.3894,1.00,1.00
2017.10.23 11:10:19.178,9.38808,9.38948,1.00,1.00
2017.10.23 11:10:19.501,9.38836,9.38976,1.00,1.00
2017.10.23 11:10:19.806,9.38846,9.38986,1.00,1.00
2017.10.23 11:10:20.112,9.38868,9.39008,1.00,1.00
2017.10.23 11:10:20.674,9.38876,9.39016,1.00,1.00
2017.10.23 11:10:21.988,9.38867,9.39007,1.00,1.00
2017.10.23 11:10:22.290,9.38877,9.39017,1.00,1.00
2017.10.23 11:10:25.665,9.38868,9.39008,1.00,1.00
2017.10.23 11:10:29.789,9.38859,9.38999,1.00,1.00
2017.10.23 11:10:33.394,9.3885,9.3899,1.00,1.00
2017.10.23 11:10:35.286,9.38859,9.38999,1.00,1.00
2017.10.23 11:10:35.696,9.38846,9.38986,1.50,1.00
2017.10.23 11:10:36.000,9.38854,9.38996,1.00,1.00
2017.10.23 11:10:43.003,9.38854,9.38994,1.00,1.00
2017.10.23 11:10:44.504,9.38846,9.38986,1.00,1.00
2017.10.23 11:10:46.409,9.38856,9.38998,1.00,1.00
2017.10.23 11:10:48.541,9.38848,9.38988,1.00,1.00
2017.10.23 11:10:49.520,9.38857,9.38997,1.00,1.00
2017.10.23 11:10:49.623,9.38848,9.3899,1.00,1.00
2017.10.23 11:10:49.881,9.38859,9.38999,1.00,1.00
2017.10.23 11:10:50.185,9.38848,9.38988,1.00,1.00
2017.10.23 11:10:50.543,9.38846,9.38979,1.00,1.00
2017.10.23 11:10:50.594,9.3885,9.3899,1.00,1.00
2017.10.23 11:10:51.193,9.38851,9.38991,1.00,1.00
2017.10.23 11:10:53.626,9.38853,9.38993,1.00,1.00
2017.10.23 11:10:54.749,9.38846,9.3898,1.00,1.00
2017.10.23 11:10:54.903,9.38849,9.38989,1.00,1.00
2017.10.23 11:10:56.311,9.38839,9.38981,1.00,1.00
2017.10.23 11:10:57.338,9.38829,9.38969,1.00,1.00
2017.10.23 11:11:05.568,9.38818,9.38958,1.00,1.00
2017.10.23 11:11:05.873,9.38753,9.38876,1.00,1.00
2017.10.23 11:11:06.026,9.38701,9.38841,1.00,1.00
2017.10.23 11:11:06.779,9.38709,9.38851,1.00,1.00
2017.10.23 11:11:13.808,9.38707,9.38847,1.00,1.00
2017.10.23 11:11:17.339,9.38698,9.38837,1.00,1.00
2017.10.23 11:11:17.441,9.3869,9.3883,1.00,1.00
2017.10.23 11:11:17.543,9.3869,9.38816,1.00,1.00
2017.10.23 11:11:17.645,9.38666,9.38796,1.00,1.00
2017.10.23 11:11:17.697,9.38666,9.38786,1.00,1.00
2017.10.23 11:11:17.749,9.38649,9.38776,1.00,1.00
2017.10.23 11:11:17.800,9.38649,9.38746,1.00,1.00
2017.10.23 11:11:17.851,9.38618,9.38735,1.00,1.00
2017.10.23 11:11:17.902,9.38595,9.38735,1.00,1.00
2017.10.23 11:11:17.953,9.38586,9.38726,1.00,1.00
2017.10.23 11:11:18.272,9.38578,9.38718,1.00,1.00
2017.10.23 11:11:18.374,9.38557,9.38699,1.00,1.00
2017.10.23 11:11:19.362,9.38583,9.38723,1.00,1.00
2017.10.23 11:11:19.708,9.38606,9.38746,1.00,1.00
2017.10.23 11:11:21.588,9.38593,9.38733,1.00,1.00
2017.10.23 11:11:25.492,9.38602,9.38742,1.00,1.00
2017.10.23 11:11:26.477,9.3861,9.3875,1.00,1.00
2017.10.23 11:11:26.987,9.38601,9.38741,1.00,1.00
2017.10.23 11:11:27.512,9.38602,9.38742,1.00,1.00
2017.10.23 11:11:30.214,9.38592,9.38732,1.00,1.00
2017.10.23 11:11:30.914,9.38592,9.38726,1.00,1.00
2017.10.23 11:11:31.016,9.38582,9.38722,1.00,1.00
2017.10.23 11:11:31.067,9.38578,9.3872,1.00,1.00
2017.10.23 11:11:31.170,9.38571,9.38711,1.00,1.00
2017.10.23 11:11:31.509,9.3858,9.3872,1.00,1.00
2017.10.23 11:11:31.814,9.38571,9.38711,1.00,1.00
2017.10.23 11:11:32.780,9.38556,9.38696,1.00,1.00
2017.10.23 11:11:33.685,9.3856,9.387,1.00,1.00
2017.10.23 11:11:34.323,9.38552,9.38692,1.00,1.00
2017.10.23 11:11:34.674,9.38543,9.38683,1.00,1.00
2017.10.23 11:11:35.183,9.38542,9.38684,1.00,1.00
2017.10.23 11:11:35.495,9.38531,9.38671,1.00,1.00
2017.10.23 11:11:38.216,9.3854,9.3868,1.00,1.00
2017.10.23 11:11:40.900,9.38536,9.38676,1.00,1.00
2017.10.23 11:11:41.204,9.38534,9.38674,1.00,1.00
2017.10.23 11:11:41.606,9.38536,9.38676,1.00,1.00
2017.10.23 11:12:05.059,9.38526,9.38668,1.00,1.00
2017.10.23 11:12:06.577,9.385,9.38686,1.54,1.00
2017.10.23 11:12:06.679,9.38526,9.38668,1.00,1.00
2017.10.23 11:12:07.990,9.38535,9.38677,1.00,1.00
2017.10.23 11:12:08.658,9.38565,9.38696,1.00,1.00
2017.10.23 11:12:08.811,9.38626,9.38766,1.00,1.00
2017.10.23 11:12:08.862,9.38635,9.38775,1.00,1.00
2017.10.23 11:12:09.371,9.38643,9.38783,1.00,1.00
2017.10.23 11:12:10.278,9.38634,9.38774,1.00,1.00
2017.10.23 11:12:10.583,9.38629,9.38769,1.00,1.00
2017.10.23 11:12:10.889,9.38615,9.38755,1.00,1.00
2017.10.23 11:12:11.074,9.38623,9.38765,1.00,1.00
2017.10.23 11:12:12.597,9.38637,9.38777,1.00,1.00
2017.10.23 11:12:14.865,9.38647,9.38787,1.00,1.00
2017.10.23 11:12:22.617,9.38637,9.38777,1.00,1.00
2017.10.23 11:12:23.886,9.38645,9.38785,1.00,1.00
2017.10.23 11:12:33.644,9.38641,9.38781,1.00,1.00
2017.10.23 11:12:40.920,9.3864,9.3878,1.00,1.00
2017.10.23 11:12:42.426,9.3863,9.3877,1.00,1.00
2017.10.23 11:12:42.731,9.38642,9.38782,1.00,1.00
2017.10.23 11:12:53.761,9.38643,9.38783,1.00,1.00
2017.10.23 11:12:58.070,9.38639,9.38779,1.00,1.00
2017.10.23 11:13:00.661,9.38648,9.38788,1.00,1.00
2017.10.23 11:13:03.288,9.38639,9.38779,1.00,1.00
2017.10.23 11:13:08.870,9.38648,9.38788,1.00,1.00
2017.10.23 11:13:13.706,9.38644,9.38784,1.00,1.00
2017.10.23 11:13:14.490,9.38627,9.38767,1.00,1.00
2017.10.23 11:13:14.801,9.38638,9.38778,1.00,1.00
2017.10.23 11:13:15.980,9.38662,9.38802,1.00,1.00
2017.10.23 11:13:16.284,9.38715,9.38855,1.00,1.00
2017.10.23 11:13:16.589,9.38724,9.38864,1.00,1.00
2017.10.23 11:13:16.997,9.38744,9.38884,1.00,1.00
2017.10.23 11:13:17.407,9.38805,9.38945,1.00,1.00
2017.10.23 11:13:17.509,9.38813,9.38955,1.00,1.00
2017.10.23 11:13:17.611,9.38805,9.38945,1.00,1.00
2017.10.23 11:13:17.916,9.388,9.3894,1.00,1.00
2017.10.23 11:13:19.017,9.38791,9.38931,1.00,1.00
2017.10.23 11:13:19.601,9.38783,9.38923,1.00,1.00
2017.10.23 11:13:20.521,9.38791,9.38933,1.00,1.00
2017.10.23 11:13:20.573,9.38795,9.38935,1.00,1.00
2017.10.23 11:13:27.340,9.38776,9.38836,1.00,1.50
2017.10.23 11:13:27.391,9.38724,9.38816,1.00,1.00
2017.10.23 11:13:27.442,9.38676,9.38816,1.00,1.00
2017.10.23 11:13:27.494,9.38663,9.38805,1.00,1.00
2017.10.23 11:13:27.950,9.38665,9.38805,1.00,1.00
2017.10.23 11:13:28.257,9.38703,9.38843,1.00,1.00
2017.10.23 11:13:28.565,9.387,9.3884,1.00,1.00
2017.10.23 11:13:28.909,9.38709,9.38849,1.00,1.00
2017.10.23 11:13:29.692,9.38721,9.38861,1.00,1.00
2017.10.23 11:13:30.046,9.3873,9.3887,1.00,1.00
2017.10.23 11:13:30.402,9.38738,9.3888,1.00,1.00
2017.10.23 11:13:30.504,9.38729,9.38869,1.00,1.00
2017.10.23 11:13:33.641,9.38733,9.38873,1.00,1.00
2017.10.23 11:13:35.701,9.38741,9.38881,1.00,1.00
2017.10.23 11:13:36.723,9.38776,9.38914,1.00,1.00
2017.10.23 11:13:36.775,9.38776,9.38916,1.00,1.00
2017.10.23 11:13:36.929,9.38798,9.38938,1.00,1.00
2017.10.23 11:13:37.238,9.38789,9.38929,1.00,1.00
2017.10.23 11:13:41.254,9.3878,9.3892,1.00,1.00
2017.10.23 11:13:41.559,9.38649,9.38789,1.00,1.00
2017.10.23 11:13:42.226,9.38649,9.38786,1.00,1.00
2017.10.23 11:13:42.328,9.38627,9.38767,1.00,1.00
2017.10.23 11:13:43.337,9.38635,9.38775,1.00,1.00
2017.10.23 11:13:50.329,9.38627,9.38767,1.00,1.00
2017.10.23 11:13:52.770,9.38618,9.38758,1.00,1.00
2017.10.23 11:13:53.647,9.38621,9.38761,1.00,1.00
2017.10.23 11:14:02.465,9.38621,9.38756,1.00,1.00
2017.10.23 11:14:02.567,9.38591,9.38731,1.00,1.00
2017.10.23 11:14:02.669,9.38582,9.38724,1.00,1.00
2017.10.23 11:14:02.770,9.38571,9.38711,1.00,1.00
2017.10.23 11:14:03.194,9.38562,9.38702,1.00,1.00
2017.10.23 11:14:03.502,9.38526,9.38666,1.00,1.00
2017.10.23 11:14:05.782,9.38518,9.38658,1.00,1.00
2017.10.23 11:14:06.096,9.38516,9.38656,1.00,1.00
2017.10.23 11:14:13.690,9.38519,9.38659,1.00,1.00
2017.10.23 11:14:14.867,9.3851,9.3865,1.00,1.00
2017.10.23 11:14:15.178,9.38501,9.38641,1.00,1.00
2017.10.23 11:14:17.620,9.38492,9.38632,1.00,1.00
2017.10.23 11:14:32.510,9.38502,9.38642,1.00,1.00
2017.10.23 11:14:33.640,9.38499,9.38639,1.00,1.00
2017.10.23 11:14:53.682,9.38494,9.38634,1.00,1.00
2017.10.23 11:15:02.406,9.38505,9.38645,1.00,1.00
2017.10.23 11:15:10.896,9.38513,9.38653,1.00,1.00
2017.10.23 11:15:11.405,9.38507,9.38647,1.00,1.00
2017.10.23 11:15:11.811,9.38519,9.38659,1.00,1.00
2017.10.23 11:15:13.117,9.38539,9.38676,1.00,1.00
2017.10.23 11:15:13.219,9.38531,9.38671,1.00,1.00
2017.10.23 11:15:13.671,9.38534,9.38674,1.00,1.00
2017.10.23 11:15:18.373,9.38534,9.38667,1.00,1.00
2017.10.23 11:15:18.424,9.38534,9.38674,1.00,1.00
2017.10.23 11:15:18.526,9.38543,9.38683,1.00,1.00
2017.10.23 11:15:26.461,9.38543,9.38676,1.00,1.00
2017.10.23 11:15:26.715,9.38534,9.38674,1.00,1.00
2017.10.23 11:15:26.767,9.38534,9.38666,1.00,1.00
2017.10.23 11:15:26.818,9.38532,9.38672,1.00,1.00
2017.10.23 11:15:26.921,9.38552,9.38676,1.00,1.00
2017.10.23 11:15:27.023,9.38536,9.38676,1.00,1.00
2017.10.23 11:15:27.125,9.38547,9.38676,1.00,1.00
2017.10.23 11:15:27.226,9.38547,9.38687,1.00,1.00
2017.10.23 11:15:27.278,9.38547,9.38676,1.00,1.00
2017.10.23 11:15:27.430,9.38537,9.38676,1.00,1.00
2017.10.23 11:15:27.532,9.38547,9.38687,1.00,1.00
2017.10.23 11:15:27.634,9.38559,9.38696,1.00,1.50
2017.10.23 11:15:28.393,9.38559,9.38686,1.00,1.00
2017.10.23 11:15:28.444,9.3855,9.38686,1.00,1.00
2017.10.23 11:15:33.642,9.38554,9.38686,1.00,1.50
2017.10.23 11:15:33.693,9.38554,9.38694,1.00,1.00
2017.10.23 11:15:33.744,9.38545,9.38685,1.00,1.00
2017.10.23 11:15:34.050,9.38546,9.38676,1.00,1.50
2017.10.23 11:15:53.313,9.38556,9.38686,1.00,1.00
2017.10.23 11:15:53.466,9.38547,9.38687,1.00,1.00
2017.10.23 11:15:53.517,9.38555,9.38695,1.00,1.00
2017.10.23 11:15:53.821,9.3855,9.3869,1.00,1.00
2017.10.23 11:16:02.229,9.3855,9.38686,1.00,1.00
2017.10.23 11:16:02.331,9.38541,9.38681,1.00,1.00
2017.10.23 11:16:02.433,9.3855,9.38686,1.00,1.00
2017.10.23 11:16:05.020,9.3855,9.38687,1.00,1.50
2017.10.23 11:16:05.570,9.3855,9.38686,1.00,1.00
2017.10.23 11:16:06.037,9.3855,9.3869,1.00,1.00
2017.10.23 11:16:06.236,9.38559,9.38696,1.00,1.00
2017.10.23 11:16:06.591,9.38559,9.38687,1.00,1.00
2017.10.23 11:16:06.642,9.38559,9.38696,1.00,1.00
2017.10.23 11:16:06.693,9.38559,9.38699,1.00,1.00
2017.10.23 11:16:06.795,9.3855,9.38686,1.00,1.00
2017.10.23 11:16:06.846,9.3855,9.3869,1.00,1.00
2017.10.23 11:16:06.897,9.38559,9.38696,1.00,1.00
2017.10.23 11:16:07.328,9.38559,9.38699,1.00,1.00
2017.10.23 11:16:07.481,9.38559,9.38696,1.00,1.00
2017.10.23 11:16:08.824,9.38559,9.38676,1.00,1.00
2017.10.23 11:16:08.876,9.38559,9.38696,1.00,1.00
2017.10.23 11:16:08.927,9.38541,9.38681,1.00,1.00
2017.10.23 11:16:09.338,9.3855,9.38686,1.00,1.00
2017.10.23 11:16:10.079,9.3855,9.38676,1.00,1.00
2017.10.23 11:16:10.130,9.3855,9.38686,1.00,1.00
2017.10.23 11:16:10.181,9.3855,9.38676,1.00,1.00
2017.10.23 11:16:10.233,9.3856,9.38696,1.00,1.50
2017.10.23 11:16:10.384,9.3856,9.387,1.00,1.00
2017.10.23 11:16:10.537,9.38569,9.38704,1.00,1.00
2017.10.23 11:16:13.438,9.38561,9.38701,1.00,1.00
2017.10.23 11:16:13.641,9.38563,9.38703,1.00,1.00
2017.10.23 11:16:14.422,9.38572,9.38712,1.00,1.00
2017.10.23 11:16:15.046,9.38572,9.38709,1.00,1.00
2017.10.23 11:16:15.097,9.38572,9.38712,1.00,1.00
2017.10.23 11:16:15.326,9.38572,9.38706,1.00,1.00
2017.10.23 11:16:15.429,9.38562,9.38702,1.00,1.00
2017.10.23 11:16:17.020,9.3857,9.3871,1.00,1.00
2017.10.23 11:16:20.219,9.3858,9.3872,1.00,1.00
2017.10.23 11:16:33.172,9.38591,9.38729,1.00,1.00
2017.10.23 11:16:33.677,9.38596,9.38729,1.00,1.00
2017.10.23 11:16:34.613,9.38596,9.38736,1.00,1.00
2017.10.23 11:16:34.926,9.38608,9.38748,1.00,1.00
2017.10.23 11:16:35.079,9.38628,9.3877,1.00,1.00
2017.10.23 11:16:35.181,9.38637,9.38779,1.00,1.00
2017.10.23 11:16:35.485,9.38662,9.38802,1.00,1.00
2017.10.23 11:16:43.501,9.38671,9.38811,1.00,1.00
2017.10.23 11:16:50.484,9.38661,9.38803,1.00,1.00
2017.10.23 11:16:53.692,9.38666,9.38806,1.00,1.00
2017.10.23 11:17:15.251,9.38657,9.38799,1.00,1.00
2017.10.23 11:17:15.353,9.38669,9.38809,1.00,1.00
2017.10.23 11:17:20.053,9.38669,9.38797,1.00,1.00
2017.10.23 11:17:20.155,9.38659,9.38796,1.00,1.00
2017.10.23 11:17:20.206,9.38659,9.38786,1.00,1.00
2017.10.23 11:17:20.257,9.3865,9.38786,1.00,1.00
2017.10.23 11:17:22.956,9.3865,9.38756,1.00,1.00
2017.10.23 11:17:23.160,9.38606,9.38746,1.00,1.50
2017.10.23 11:17:24.640,9.38614,9.38754,1.00,1.00
2017.10.23 11:17:28.545,9.38624,9.3876,1.00,1.00
2017.10.23 11:17:31.743,9.38633,9.3876,1.00,1.00
2017.10.23 11:17:31.794,9.38633,9.38773,1.00,1.00
2017.10.23 11:17:31.947,9.38644,9.3878,1.00,1.00
2017.10.23 11:17:32.049,9.38634,9.38774,1.00,1.00
2017.10.23 11:17:32.150,9.38644,9.3878,1.00,1.00
2017.10.23 11:17:33.274,9.38643,9.3878,1.00,1.00
2017.10.23 11:17:33.579,9.38653,9.3878,1.00,1.00
2017.10.23 11:17:34.088,9.38652,9.3878,1.00,1.00
2017.10.23 11:17:36.541,9.38652,9.38792,1.00,1.00
2017.10.23 11:17:36.592,9.38663,9.38803,1.00,1.00
2017.10.23 11:17:36.898,9.3872,9.3886,1.00,1.00
2017.10.23 11:17:37.204,9.38777,9.38917,1.00,1.00
2017.10.23 11:17:38.178,9.38777,9.38906,1.00,1.00
2017.10.23 11:17:38.381,9.38766,9.38906,1.00,1.50
2017.10.23 11:17:39.086,9.38758,9.38898,1.00,1.00
2017.10.23 11:17:39.389,9.38758,9.38885,1.00,1.00
2017.10.23 11:17:42.192,9.38742,9.38865,1.00,1.00
2017.10.23 11:17:42.397,9.38721,9.38863,1.00,1.00
2017.10.23 11:17:42.550,9.38721,9.38846,1.00,1.00
2017.10.23 11:17:42.601,9.38709,9.38847,1.00,1.00
2017.10.23 11:17:42.704,9.38687,9.38827,1.00,1.00
2017.10.23 11:17:44.300,9.38697,9.38835,1.00,1.00
2017.10.23 11:18:02.823,9.38707,9.38835,1.00,1.00
2017.10.23 11:18:03.027,9.38698,9.38835,1.00,1.00
2017.10.23 11:18:05.724,9.38702,9.38835,1.00,1.00
2017.10.23 11:18:06.029,9.38699,9.38835,1.00,1.00
2017.10.23 11:18:06.435,9.38691,9.38831,1.00,1.00
2017.10.23 11:18:07.850,9.387,9.38835,1.00,1.00
2017.10.23 11:18:07.901,9.387,9.3884,1.00,1.00
2017.10.23 11:18:07.952,9.38708,9.38848,1.00,1.00
2017.10.23 11:18:08.257,9.38697,9.38835,1.00,1.00
2017.10.23 11:18:12.994,9.38688,9.38828,1.00,1.00
2017.10.23 11:18:13.761,9.38689,9.38831,1.00,1.00
2017.10.23 11:18:16.073,9.38699,9.38835,1.00,1.00
2017.10.23 11:18:23.114,9.38708,9.38835,1.00,1.00
2017.10.23 11:18:25.823,9.38708,9.38848,1.00,1.00
2017.10.23 11:18:26.528,9.38697,9.38837,1.00,1.00
2017.10.23 11:18:27.817,9.38707,9.38847,1.00,1.00
2017.10.23 11:18:28.227,9.38698,9.38838,1.00,1.00
2017.10.23 11:18:28.813,9.38707,9.38847,1.00,1.00
2017.10.23 11:18:29.150,9.38698,9.38838,1.00,1.00
2017.10.23 11:18:33.506,9.38707,9.38847,1.00,1.00
2017.10.23 11:18:34.048,9.38706,9.38846,1.00,1.00
2017.10.23 11:18:38.409,9.38697,9.38837,1.00,1.00
2017.10.23 11:18:39.715,9.38707,9.38847,1.00,1.00
2017.10.23 11:18:40.029,9.38716,9.38855,1.00,1.00
2017.10.23 11:18:40.232,9.38712,9.38852,1.00,1.00
2017.10.23 11:18:41.378,9.38712,9.38836,1.00,1.00
2017.10.23 11:18:41.430,9.38681,9.38821,1.00,1.00
2017.10.23 11:18:41.532,9.38651,9.38793,1.00,1.00
2017.10.23 11:18:41.634,9.38641,9.38781,1.00,1.00
2017.10.23 11:18:41.949,9.38589,9.38729,1.00,1.00
2017.10.23 11:18:42.255,9.38598,9.3874,1.00,1.00
2017.10.23 11:18:42.358,9.38608,9.38748,1.00,1.00
2017.10.23 11:18:43.140,9.38616,9.38756,1.00,1.00
2017.10.23 11:18:44.428,9.38626,9.3876,1.00,1.00
2017.10.23 11:18:44.481,9.38626,9.38766,1.00,1.00
2017.10.23 11:18:44.533,9.38642,9.3878,1.00,1.00
2017.10.23 11:18:53.641,9.38648,9.3878,1.00,1.00
2017.10.23 11:19:00.862,9.38657,9.3878,1.00,1.00
2017.10.23 11:19:02.155,9.38648,9.3878,1.00,1.00
2017.10.23 11:19:02.257,9.38636,9.38776,1.00,1.00
2017.10.23 11:19:02.359,9.38628,9.38768,1.00,1.00
2017.10.23 11:19:02.665,9.38637,9.38777,1.00,1.00
2017.10.23 11:19:03.873,9.38647,9.3878,1.00,1.00
2017.10.23 11:19:05.774,9.38639,9.38779,1.00,1.00
2017.10.23 11:19:09.256,9.38648,9.3878,1.00,1.00
2017.10.23 11:19:17.705,9.38657,9.3878,1.00,1.00
2017.10.23 11:19:18.795,9.38649,9.3878,1.00,1.00
2017.10.23 11:19:22.590,9.38657,9.3878,1.00,1.00
2017.10.23 11:19:25.000,9.38658,9.3878,1.00,1.00
2017.10.23 11:19:25.051,9.38658,9.38798,1.00,1.00
2017.10.23 11:19:25.204,9.38669,9.38805,1.00,1.00
2017.10.23 11:19:25.306,9.38658,9.38798,1.00,1.00
2017.10.23 11:19:25.966,9.38658,9.38785,1.00,1.00
2017.10.23 11:19:26.017,9.38658,9.38798,1.00,1.00
2017.10.23 11:19:26.310,9.3867,9.38805,1.00,1.00
2017.10.23 11:19:26.818,9.38662,9.38802,1.00,1.00
2017.10.23 11:19:28.533,9.38653,9.38793,1.00,1.00
2017.10.23 11:19:32.516,9.38654,9.38796,1.00,1.00
2017.10.23 11:19:35.101,9.38657,9.38797,1.00,1.00
2017.10.23 11:19:35.203,9.38653,9.38795,1.00,1.00
2017.10.23 11:19:35.304,9.3867,9.38805,1.00,1.00
2017.10.23 11:19:35.508,9.3866,9.388,1.00,1.00
2017.10.23 11:19:35.660,9.3866,9.38785,1.00,1.00
2017.10.23 11:19:36.123,9.38656,9.38785,1.00,1.00
2017.10.23 11:19:36.311,9.38653,9.38785,1.00,1.00
2017.10.23 11:19:36.515,9.38664,9.38785,1.00,1.00
2017.10.23 11:19:36.731,9.38664,9.38804,1.00,1.00
2017.10.23 11:19:36.833,9.38667,9.38785,1.00,1.00
2017.10.23 11:19:36.884,9.38667,9.38805,1.00,1.00
2017.10.23 11:19:36.935,9.3865,9.3879,1.00,1.00
2017.10.23 11:19:37.139,9.3864,9.38782,1.00,1.00
2017.10.23 11:19:37.240,9.3865,9.3879,1.00,1.00
2017.10.23 11:19:43.615,9.38659,9.38799,1.00,1.00
2017.10.23 11:19:51.855,9.3865,9.3879,1.00,1.00
2017.10.23 11:19:53.641,9.38654,9.38794,1.00,1.00
2017.10.23 11:19:57.568,9.38663,9.38803,1.00,1.00
2017.10.23 11:19:57.894,9.38669,9.38805,1.00,1.00
2017.10.23 11:19:58.207,9.38678,9.38805,1.00,1.00
2017.10.23 11:19:58.258,9.38665,9.38805,1.00,1.50
2017.10.23 11:19:58.564,9.38676,9.38805,1.00,1.00
2017.10.23 11:19:59.275,9.38663,9.38803,1.00,1.00
2017.10.23 11:19:59.776,9.38653,9.38793,1.00,1.00
2017.10.23 11:20:00.394,9.38661,9.38801,1.00,1.00
2017.10.23 11:20:01.694,9.38652,9.38792,1.00,1.00
2017.10.23 11:20:02.206,9.38651,9.38791,1.00,1.00
2017.10.23 11:20:03.060,9.38662,9.38802,1.00,1.00
2017.10.23 11:20:13.780,9.38658,9.38798,1.00,1.00
2017.10.23 11:20:16.107,9.38667,9.38805,1.00,1.00
2017.10.23 11:20:16.518,9.38659,9.38799,1.00,1.00
2017.10.23 11:20:18.816,9.3867,9.38805,1.00,1.00
2017.10.23 11:20:21.114,9.38678,9.38805,1.00,1.00
2017.10.23 11:20:21.826,9.38664,9.38804,1.00,1.00
2017.10.23 11:20:21.928,9.38681,9.38821,1.00,1.00
2017.10.23 11:20:22.512,9.38681,9.38805,1.00,1.00
2017.10.23 11:20:22.563,9.38681,9.38821,1.00,1.00
2017.10.23 11:20:22.716,9.38672,9.38805,1.00,1.00
2017.10.23 11:20:22.767,9.38672,9.38812,1.00,1.00
2017.10.23 11:20:22.869,9.38672,9.38805,1.00,1.00
2017.10.23 11:20:22.920,9.38672,9.38812,1.00,1.00
2017.10.23 11:20:24.426,9.3868,9.3882,1.00,1.00
2017.10.23 11:20:25.913,9.38671,9.38811,1.00,1.00
2017.10.23 11:20:26.219,9.38646,9.38788,1.00,1.00
2017.10.23 11:20:26.906,9.38638,9.38778,1.00,1.00
2017.10.23 11:20:28.350,9.38647,9.38785,1.00,1.00
2017.10.23 11:20:30.233,9.38638,9.38778,1.00,1.00
2017.10.23 11:20:33.643,9.38637,9.38777,1.00,1.00
2017.10.23 11:20:35.827,9.38645,9.38785,1.00,1.50
2017.10.23 11:20:36.224,9.38636,9.38776,1.00,1.00
2017.10.23 11:20:39.442,9.38645,9.38785,1.00,1.50
2017.10.23 11:20:44.770,9.38636,9.38776,1.00,1.00
2017.10.23 11:20:45.289,9.38645,9.38785,1.00,1.50
2017.10.23 11:20:48.271,9.38637,9.38777,1.00,1.00
2017.10.23 11:20:48.575,9.38646,9.38785,1.00,1.00
2017.10.23 11:20:50.370,9.38636,9.38776,1.00,1.00
2017.10.23 11:20:51.960,9.38645,9.38785,1.00,1.50
2017.10.23 11:20:52.977,9.38636,9.38776,1.00,1.00
2017.10.23 11:20:53.282,9.38634,9.38774,1.00,1.00
2017.10.23 11:20:53.701,9.38639,9.38779,1.00,1.00
2017.10.23 11:21:01.881,9.3863,9.3877,1.00,1.00
2017.10.23 11:21:02.974,9.3864,9.3878,1.00,1.00
2017.10.23 11:21:03.879,9.38639,9.38779,1.00,1.00
2017.10.23 11:21:04.901,9.38628,9.38768,1.00,1.00
2017.10.23 11:21:05.345,9.3864,9.3878,1.00,1.00
2017.10.23 11:21:06.127,9.38631,9.38771,1.00,1.00
2017.10.23 11:21:07.979,9.3864,9.3878,1.00,1.00
2017.10.23 11:21:08.283,9.3863,9.3877,1.00,1.00
2017.10.23 11:21:10.821,9.38631,9.38771,1.00,1.00
2017.10.23 11:21:11.681,9.38643,9.38783,1.00,1.00
2017.10.23 11:21:12.022,9.38633,9.38773,1.00,1.00
2017.10.23 11:21:12.390,9.38643,9.38783,1.00,1.00
2017.10.23 11:21:12.796,9.38635,9.38775,1.00,1.00
2017.10.23 11:21:13.182,9.38656,9.38785,1.00,1.00
2017.10.23 11:21:15.607,9.38648,9.38785,1.00,1.00
2017.10.23 11:21:16.997,9.38657,9.38785,1.00,1.00
2017.10.23 11:21:17.300,9.38643,9.38785,1.00,1.50
2017.10.23 11:21:18.809,9.38653,9.38785,1.00,1.00
2017.10.23 11:21:20.602,9.38644,9.38784,1.00,1.00
2017.10.23 11:21:24.744,9.38635,9.38775,1.00,1.00
2017.10.23 11:21:25.741,9.38644,9.38784,1.00,1.00
2017.10.23 11:21:26.123,9.38635,9.38775,1.00,1.00
2017.10.23 11:21:26.541,9.38644,9.38784,1.00,1.00
2017.10.23 11:21:29.154,9.38634,9.38776,1.00,1.00
2017.10.23 11:21:30.951,9.38645,9.38785,1.00,1.00
2017.10.23 11:21:32.037,9.38635,9.38775,1.00,1.00
2017.10.23 11:21:33.665,9.38637,9.38777,1.00,1.00
2017.10.23 11:21:33.986,9.38646,9.38786,1.00,1.00
2017.10.23 11:21:34.828,9.38637,9.38777,1.00,1.00
2017.10.23 11:21:37.628,9.38646,9.38786,1.00,1.00
2017.10.23 11:21:38.677,9.38638,9.38778,1.00,1.00
2017.10.23 11:21:53.682,9.38642,9.38782,1.00,1.00
2017.10.23 11:22:11.637,9.38633,9.38773,1.00,1.00
2017.10.23 11:22:12.240,9.38634,9.38774,1.00,1.00
2017.10.23 11:22:13.613,9.38638,9.38778,1.00,1.00
2017.10.23 11:22:14.833,9.38647,9.38787,1.00,1.00
2017.10.23 11:22:15.138,9.38638,9.38778,1.00,1.00
2017.10.23 11:22:15.489,9.38647,9.38787,1.00,1.00
2017.10.23 11:22:18.247,9.38638,9.38778,1.00,1.00
2017.10.23 11:22:18.929,9.38647,9.38787,1.00,1.00
2017.10.23 11:22:19.245,9.38637,9.38779,1.00,1.00
2017.10.23 11:22:28.648,9.38647,9.38787,1.00,1.00
2017.10.23 11:22:29.759,9.38656,9.38796,1.00,1.00
2017.10.23 11:22:30.666,9.38646,9.38788,1.00,1.00
2017.10.23 11:22:30.768,9.38669,9.38805,1.00,1.00
2017.10.23 11:22:31.174,9.38677,9.38805,1.00,1.00
2017.10.23 11:22:31.327,9.3867,9.38805,1.00,1.00
2017.10.23 11:22:33.372,9.38679,9.38805,1.00,1.00
2017.10.23 11:22:33.475,9.38679,9.38819,1.00,1.00
2017.10.23 11:22:33.577,9.38688,9.38828,1.00,1.00
2017.10.23 11:22:33.881,9.38699,9.38839,1.00,1.00
2017.10.23 11:22:34.339,9.38714,9.38854,1.00,1.00
2017.10.23 11:22:44.760,9.38726,9.38866,1.00,1.00
2017.10.23 11:22:45.065,9.38767,9.38907,1.00,1.00
2017.10.23 11:22:45.395,9.3879,9.3893,1.00,1.00
2017.10.23 11:22:46.199,9.38808,9.38948,1.00,1.00
2017.10.23 11:22:47.174,9.38808,9.38936,1.00,1.00
2017.10.23 11:22:49.665,9.38819,9.38959,1.00,1.00
2017.10.23 11:22:51.131,9.38819,9.38956,1.00,1.00
2017.10.23 11:22:51.284,9.38809,9.38949,1.00,1.00
2017.10.23 11:22:53.692,9.38804,9.38946,1.00,1.00
2017.10.23 11:23:07.325,9.38814,9.38954,1.00,1.00
2017.10.23 11:23:08.737,9.38823,9.3896,1.00,1.00
2017.10.23 11:23:08.840,9.38813,9.38953,1.00,1.00
2017.10.23 11:23:13.648,9.3881,9.3895,1.00,1.00
2017.10.23 11:23:20.916,9.38821,9.3896,1.00,1.00
2017.10.23 11:23:25.147,9.38829,9.38971,1.00,1.00
2017.10.23 11:23:29.856,9.38839,9.38979,1.00,1.00
2017.10.23 11:23:33.667,9.3884,9.3898,1.00,1.50
2017.10.23 11:23:35.277,9.3885,9.3899,1.00,1.00
2017.10.23 11:23:50.101,9.38859,9.38999,1.00,1.00
2017.10.23 11:23:50.304,9.38874,9.39016,1.00,1.00
2017.10.23 11:23:51.303,9.38885,9.39025,1.00,1.00
2017.10.23 11:23:51.698,9.38876,9.39016,1.00,1.00
2017.10.23 11:23:52.249,9.38876,9.39015,1.00,1.00
2017.10.23 11:23:53.691,9.38874,9.39014,1.00,1.00
2017.10.23 11:24:00.231,9.38883,9.39023,1.00,1.00
2017.10.23 11:24:02.421,9.38884,9.39024,1.00,1.00
2017.10.23 11:24:07.640,9.38875,9.39017,1.00,1.00
2017.10.23 11:24:08.520,9.38867,9.39007,1.00,1.00
2017.10.23 11:24:08.934,9.38876,9.3901,1.00,1.00
2017.10.23 11:24:09.036,9.38868,9.39008,1.00,1.00
2017.10.23 11:24:09.242,9.38877,9.3901,1.00,1.00
2017.10.23 11:24:09.750,9.38867,9.39007,1.00,1.00
2017.10.23 11:24:10.293,9.38866,9.39008,1.00,1.00
2017.10.23 11:24:10.446,9.38872,9.3901,1.00,1.00
2017.10.23 11:24:10.599,9.38878,9.39018,1.00,1.00
2017.10.23 11:24:13.237,9.38887,9.39027,1.00,1.00
2017.10.23 11:24:13.550,9.38878,9.39015,1.00,1.00
2017.10.23 11:24:13.855,9.3887,9.3901,1.00,1.00
2017.10.23 11:24:13.958,9.38861,9.39001,1.00,1.00
2017.10.23 11:24:17.719,9.38849,9.38989,1.00,1.00
2017.10.23 11:24:18.136,9.38861,9.39001,1.00,1.00
2017.10.23 11:24:18.471,9.38853,9.38993,1.00,1.00
2017.10.23 11:24:19.535,9.3886,9.39002,1.00,1.00
2017.10.23 11:24:21.941,9.38867,9.39005,1.00,1.00
2017.10.23 11:24:22.093,9.38867,9.39007,1.00,1.00
2017.10.23 11:24:22.145,9.389,9.3904,1.00,1.00
2017.10.23 11:24:22.530,9.38928,9.39068,1.00,1.00
2017.10.23 11:24:22.835,9.38939,9.39079,1.00,1.00
2017.10.23 11:24:23.241,9.38951,9.39091,1.00,1.00
2017.10.23 11:24:24.027,9.3896,9.391,1.00,1.00
2017.10.23 11:24:24.341,9.3897,9.3911,1.00,1.00
2017.10.23 11:24:24.748,9.38981,9.39121,1.00,1.00
2017.10.23 11:24:24.955,9.38971,9.39113,1.00,1.00
2017.10.23 11:24:25.209,9.38971,9.3911,1.00,1.00
2017.10.23 11:24:26.650,9.38962,9.39102,1.00,1.00
2017.10.23 11:24:26.753,9.38953,9.39093,1.00,1.00
2017.10.23 11:24:27.058,9.38924,9.39064,1.00,1.00
2017.10.23 11:24:31.170,9.38943,9.39083,1.00,1.00
2017.10.23 11:24:31.689,9.38935,9.39075,1.00,1.00
2017.10.23 11:24:35.591,9.38944,9.39084,1.00,1.00
2017.10.23 11:24:36.411,9.38944,9.39084,1.00,1.45
2017.10.23 11:24:36.463,9.38924,9.39064,1.00,1.00
2017.10.23 11:24:36.669,9.38921,9.39054,1.00,1.00
2017.10.23 11:24:37.111,9.38912,9.39054,1.00,1.00
2017.10.23 11:24:37.167,9.3889,9.3903,1.00,1.00
2017.10.23 11:24:38.063,9.38909,9.39049,1.00,1.00
2017.10.23 11:24:38.369,9.38907,9.39047,1.00,1.00
2017.10.23 11:24:38.677,9.38899,9.39039,1.00,1.00
2017.10.23 11:24:53.677,9.38902,9.39042,1.00,1.00
2017.10.23 11:24:55.092,9.38912,9.39054,1.00,1.00
2017.10.23 11:24:55.500,9.38905,9.39045,1.00,1.00
2017.10.23 11:24:56.221,9.38914,9.39054,1.00,1.00
2017.10.23 11:24:56.526,9.38923,9.39063,1.00,1.00
2017.10.23 11:24:56.960,9.38936,9.39063,1.00,1.00
2017.10.23 11:25:00.018,9.38936,9.39072,1.00,1.00
2017.10.23 11:25:00.433,9.38936,9.39062,1.00,1.00
2017.10.23 11:25:00.712,9.38936,9.39074,1.00,1.00
2017.10.23 11:25:04.821,9.38942,9.39082,1.00,1.00
2017.10.23 11:25:12.942,9.38958,9.39098,1.00,1.00
2017.10.23 11:25:13.147,9.38966,9.39108,1.00,1.00
2017.10.23 11:25:14.849,9.38958,9.39087,1.00,1.00
2017.10.23 11:25:15.408,9.38947,9.39087,1.00,1.00
2017.10.23 11:25:15.459,9.38938,9.39078,1.50,1.00
2017.10.23 11:25:16.530,9.38955,9.39095,1.00,1.00
2017.10.23 11:25:21.711,9.38958,9.39095,1.00,1.00
2017.10.23 11:25:30.167,9.38967,9.39107,1.00,1.00
2017.10.23 11:25:31.099,9.38976,9.39116,1.00,1.00
2017.10.23 11:25:31.404,9.38987,9.39127,1.00,1.00
2017.10.23 11:25:32.363,9.38996,9.39136,1.00,1.00
2017.10.23 11:25:33.698,9.38994,9.39134,1.00,1.00
2017.10.23 11:25:38.394,9.38985,9.39125,1.00,1.00
2017.10.23 11:25:38.699,9.38978,9.39116,1.00,1.00
2017.10.23 11:25:40.833,9.38976,9.39116,1.00,1.00
2017.10.23 11:25:40.884,9.38953,9.39093,1.00,1.00
2017.10.23 11:25:41.189,9.38958,9.39093,1.00,1.00
2017.10.23 11:25:41.513,9.38958,9.39081,1.00,1.00
2017.10.23 11:25:42.521,9.38941,9.39081,1.50,1.00
2017.10.23 11:25:47.420,9.3895,9.39085,1.00,1.00
2017.10.23 11:25:49.236,9.3894,9.3908,1.00,1.00
2017.10.23 11:25:49.541,9.38931,9.39071,1.00,1.00
2017.10.23 11:25:53.647,9.38934,9.39074,1.00,1.00
2017.10.23 11:26:03.650,9.38943,9.39083,1.00,1.00
2017.10.23 11:26:08.175,9.38952,9.39085,1.00,1.00
2017.10.23 11:26:11.563,9.38952,9.39092,1.00,1.00
2017.10.23 11:26:11.666,9.38961,9.39101,1.00,1.00
2017.10.23 11:26:11.970,9.38987,9.3911,1.00,1.00
2017.10.23 11:26:12.279,9.38987,9.39127,1.00,1.00
2017.10.23 11:26:13.656,9.3898,9.3912,1.00,1.00
2017.10.23 11:26:21.499,9.38989,9.39129,1.00,1.00
2017.10.23 11:26:26.168,9.38979,9.39119,1.00,1.00
2017.10.23 11:26:31.300,9.38967,9.39107,1.00,1.00
2017.10.23 11:26:31.607,9.38958,9.39098,1.00,1.00
2017.10.23 11:26:33.719,9.38962,9.39102,1.00,1.00
2017.10.23 11:26:48.898,9.38989,9.39127,1.00,1.00
2017.10.23 11:26:49.214,9.38979,9.39119,1.00,1.00
2017.10.23 11:26:52.108,9.38989,9.39127,1.00,1.00
2017.10.23 11:26:53.605,9.38988,9.39127,1.00,1.00
2017.10.23 11:27:03.041,9.38988,9.39128,1.00,1.00
2017.10.23 11:27:13.644,9.38984,9.39124,1.00,1.00
2017.10.23 11:27:19.875,9.38992,9.39132,1.00,1.00
2017.10.23 11:27:20.485,9.38984,9.39124,1.00,1.00
2017.10.23 11:27:33.697,9.38987,9.39127,1.00,1.00
2017.10.23 11:27:39.511,9.38978,9.39118,1.00,1.00
2017.10.23 11:27:53.732,9.38979,9.39119,1.00,1.00
2017.10.23 11:28:04.745,9.3897,9.3911,1.00,1.00
2017.10.23 11:28:05.074,9.38976,9.39116,1.00,1.00
2017.10.23 11:28:13.642,9.38972,9.39112,1.00,1.00
2017.10.23 11:28:30.009,9.38963,9.39103,1.00,1.00
2017.10.23 11:28:33.725,9.38967,9.39107,1.00,1.00
2017.10.23 11:29:09.456,9.38969,9.39111,1.00,1.00
2017.10.23 11:29:10.487,9.38981,9.39121,1.00,1.00
2017.10.23 11:29:13.270,9.38972,9.39112,1.00,1.00
2017.10.23 11:29:13.654,9.38977,9.39117,1.00,1.00
2017.10.23 11:29:27.200,9.38979,9.39119,1.00,1.00
2017.10.23 11:29:31.192,9.38988,9.39128,1.00,1.00
2017.10.23 11:29:32.637,9.38998,9.39135,1.00,1.00
2017.10.23 11:29:33.094,9.39009,9.39135,1.00,1.00
2017.10.23 11:29:33.145,9.39009,9.39149,1.00,1.00
2017.10.23 11:29:33.299,9.39027,9.39167,1.00,1.00
2017.10.23 11:29:33.738,9.39031,9.39171,1.00,1.00
2017.10.23 11:29:34.044,9.39022,9.39162,1.00,1.00
2017.10.23 11:29:34.350,9.39032,9.39172,1.00,1.00
2017.10.23 11:29:35.625,9.39022,9.39162,1.00,1.00
2017.10.23 11:29:36.379,9.39022,9.39162,1.00,1.60
2017.10.23 11:29:36.430,9.39014,9.39154,1.00,1.60
2017.10.23 11:29:36.481,9.39014,9.39154,1.00,1.00
2017.10.23 11:29:36.533,9.39002,9.39144,1.00,1.00
2017.10.23 11:29:36.584,9.39002,9.39141,1.00,1.00
2017.10.23 11:29:36.889,9.38889,9.39016,1.00,3.60
2017.10.23 11:29:36.940,9.38867,9.39007,1.00,1.60
2017.10.23 11:29:36.991,9.38867,9.39007,1.00,1.60
2017.10.23 11:29:37.042,9.38857,9.38997,1.00,1.00
2017.10.23 11:29:37.230,9.38855,9.38995,1.00,1.00
2017.10.23 11:29:37.535,9.38865,9.39005,1.00,1.00
2017.10.23 11:29:37.840,9.38874,9.39014,1.00,1.00
2017.10.23 11:29:38.144,9.38872,9.39012,1.00,1.00
2017.10.23 11:29:38.513,9.38881,9.39021,1.00,1.00
2017.10.23 11:29:39.322,9.38872,9.39012,1.00,1.00
2017.10.23 11:29:50.463,9.38852,9.38976,1.00,1.35
2017.10.23 11:29:50.514,9.38836,9.38976,1.00,1.35
2017.10.23 11:29:50.565,9.38827,9.38956,1.00,1.60
2017.10.23 11:29:50.668,9.38807,9.38934,1.00,1.00
2017.10.23 11:29:50.719,9.38794,9.38934,1.00,1.00
2017.10.23 11:29:50.770,9.38784,9.38924,1.00,1.00
2017.10.23 11:29:51.077,9.38732,9.38872,1.00,1.00
2017.10.23 11:29:51.382,9.38731,9.38871,1.00,1.60
2017.10.23 11:29:51.433,9.38731,9.38864,1.00,1.00
2017.10.23 11:29:51.484,9.38719,9.38859,1.00,1.00
2017.10.23 11:29:51.586,9.38723,9.38863,1.00,1.00
2017.10.23 11:29:52.487,9.38714,9.38854,1.00,1.00
2017.10.23 11:29:53.661,9.38719,9.38859,1.00,1.00
2017.10.23 11:29:54.271,9.38719,9.38859,1.00,1.60
2017.10.23 11:29:54.573,9.38681,9.38819,1.00,1.16
2017.10.23 11:29:56.478,9.38681,9.38814,1.00,1.05
2017.10.23 11:29:56.604,9.38663,9.38803,1.00,1.00
2017.10.23 11:29:56.655,9.38654,9.38794,1.00,1.00
2017.10.23 11:29:56.961,9.38681,9.38821,1.00,1.00
2017.10.23 11:29:57.267,9.387,9.3884,1.00,1.00
2017.10.23 11:29:59.298,9.38719,9.38859,1.00,1.00
2017.10.23 11:29:59.503,9.38726,9.38868,1.00,1.00
2017.10.23 11:29:59.709,9.38736,9.38876,1.00,1.00
2017.10.23 11:30:03.196,9.38748,9.38887,1.00,1.00
2017.10.23 11:30:03.400,9.3876,9.389,1.00,1.50
2017.10.23 11:30:03.603,9.38751,9.38891,1.00,1.00
2017.10.23 11:30:05.399,9.38743,9.38883,1.00,1.00
2017.10.23 11:30:05.747,9.38743,9.38846,1.00,1.00
2017.10.23 11:30:05.798,9.38732,9.38836,1.00,1.00
2017.10.23 11:30:05.850,9.38732,9.38836,1.00,1.60
2017.10.23 11:30:05.901,9.38697,9.38833,1.00,1.60
2017.10.23 11:30:05.952,9.38697,9.38833,1.00,1.60
2017.10.23 11:30:06.003,9.38681,9.38821,1.00,1.60
2017.10.23 11:30:06.258,9.38681,9.38821,1.00,1.60
2017.10.23 11:30:06.766,9.38681,9.38821,1.00,1.60
2017.10.23 11:30:06.817,9.38681,9.38821,1.00,1.35
2017.10.23 11:30:13.677,9.38686,9.38826,1.00,1.00
2017.10.23 11:30:22.364,9.38697,9.38829,1.00,1.49
2017.10.23 11:30:30.088,9.38697,9.38833,1.00,1.16
2017.10.23 11:30:33.689,9.3869,9.3883,1.00,1.60
2017.10.23 11:30:36.327,9.3869,9.3883,1.00,1.00
2017.10.23 11:30:36.480,9.38699,9.38839,1.00,1.00
2017.10.23 11:30:36.969,9.38708,9.38847,1.00,1.00
2017.10.23 11:30:51.048,9.38708,9.38848,1.00,1.00
2017.10.23 11:30:52.780,9.38699,9.38839,1.00,1.00
2017.10.23 11:30:53.189,9.38699,9.38836,1.00,1.00
2017.10.23 11:30:53.554,9.38699,9.38839,1.00,1.00
2017.10.23 11:30:53.605,9.38699,9.38836,1.00,1.00
2017.10.23 11:30:53.707,9.38679,9.38836,1.00,1.00
2017.10.23 11:30:53.876,9.3867,9.38836,1.00,1.00
2017.10.23 11:30:53.928,9.3867,9.38826,1.00,1.00
2017.10.23 11:30:54.032,9.38651,9.38816,1.00,1.00
2017.10.23 11:30:54.184,9.38651,9.38831,1.00,1.00
2017.10.23 11:30:54.337,9.38654,9.38839,1.00,1.00
2017.10.23 11:30:54.389,9.38693,9.38833,1.00,1.00
2017.10.23 11:30:54.744,9.38683,9.38823,1.00,1.00
2017.10.23 11:30:55.407,9.38692,9.38832,1.00,1.00
2017.10.23 11:30:55.905,9.38681,9.38821,1.00,1.00
2017.10.23 11:30:56.828,9.38671,9.38811,1.00,1.00
2017.10.23 11:30:58.092,9.38687,9.38829,1.00,1.00
2017.10.23 11:30:58.335,9.38697,9.38837,1.00,1.00
2017.10.23 11:30:58.642,9.38689,9.38829,1.00,1.00
2017.10.23 11:31:00.137,9.38699,9.38839,1.00,1.00
2017.10.23 11:31:00.440,9.38729,9.38869,1.00,1.19
2017.10.23 11:31:00.645,9.38719,9.38859,1.00,1.25
2017.10.23 11:31:04.631,9.38719,9.38806,1.00,1.00
2017.10.23 11:31:04.733,9.38667,9.38776,1.00,1.00
2017.10.23 11:31:04.835,9.38657,9.38776,1.00,1.60
2017.10.23 11:31:05.044,9.38647,9.38776,1.00,1.00
2017.10.23 11:31:05.248,9.38638,9.38776,1.00,1.00
2017.10.23 11:31:06.359,9.38638,9.38778,1.00,1.00
2017.10.23 11:31:06.410,9.38646,9.38786,1.00,1.00
2017.10.23 11:31:06.715,9.3868,9.3882,1.00,1.00
2017.10.23 11:31:08.433,9.38669,9.38809,1.00,1.00
2017.10.23 11:31:09.040,9.38669,9.38808,1.00,1.00
2017.10.23 11:31:09.549,9.38669,9.38809,1.00,1.00
2017.10.23 11:31:10.161,9.38659,9.38799,1.00,1.00
2017.10.23 11:31:10.668,9.3865,9.3879,1.00,1.00
2017.10.23 11:31:10.973,9.38642,9.38782,1.00,1.00
2017.10.23 11:31:11.355,9.38656,9.38796,1.00,1.00
2017.10.23 11:31:11.862,9.38666,9.38806,1.00,1.00
2017.10.23 11:31:13.531,9.38675,9.38815,1.00,1.00
2017.10.23 11:31:13.838,9.38724,9.38864,1.00,1.00
2017.10.23 11:31:14.144,9.38733,9.38873,1.00,1.00
2017.10.23 11:31:14.757,9.38724,9.38864,1.00,1.00
2017.10.23 11:31:15.069,9.38733,9.38873,1.00,1.00
2017.10.23 11:31:16.268,9.38725,9.38865,1.00,1.00
2017.10.23 11:31:18.283,9.38735,9.38875,1.00,1.00
2017.10.23 11:31:18.591,9.38717,9.38857,1.00,1.00
2017.10.23 11:31:19.165,9.38726,9.38866,1.00,1.00
2017.10.23 11:31:22.144,9.38717,9.38857,1.00,1.00
2017.10.23 11:31:22.653,9.38718,9.38858,1.00,1.00
2017.10.23 11:31:25.691,9.38727,9.38869,1.00,1.00
2017.10.23 11:31:33.697,9.38724,9.38864,1.00,1.00
2017.10.23 11:31:55.130,9.38733,9.38873,1.00,1.00
2017.10.23 11:31:56.616,9.38745,9.38885,1.00,1.00
2017.10.23 11:31:58.064,9.38745,9.38836,1.00,1.50
2017.10.23 11:31:58.167,9.38745,9.38853,1.00,1.00
2017.10.23 11:31:58.218,9.38696,9.38836,1.00,1.00
2017.10.23 11:31:58.321,9.38685,9.38825,1.00,1.00
2017.10.23 11:31:58.626,9.38698,9.38838,1.00,1.00
2017.10.23 11:31:59.138,9.3871,9.3885,1.00,1.00
2017.10.23 11:32:00.921,9.38718,9.3886,1.00,1.00
2017.10.23 11:32:01.023,9.3873,9.3887,1.00,1.00
2017.10.23 11:32:01.406,9.38727,9.38859,1.00,1.00
2017.10.23 11:32:01.460,9.38695,9.38835,1.00,1.00
2017.10.23 11:32:01.614,9.38684,9.38824,1.00,1.00
2017.10.23 11:32:01.920,9.38675,9.38815,1.00,1.00
2017.10.23 11:32:02.264,9.38666,9.38806,1.00,1.00
2017.10.23 11:32:02.950,9.38666,9.38805,1.00,1.00
2017.10.23 11:32:10.138,9.38674,9.38805,1.00,1.00
2017.10.23 11:32:10.444,9.38685,9.38805,1.00,1.00
2017.10.23 11:32:10.756,9.38663,9.38805,1.00,1.50
2017.10.23 11:32:10.859,9.38672,9.38805,1.00,1.00
2017.10.23 11:32:12.045,9.38681,9.38805,1.00,1.00
2017.10.23 11:32:24.894,9.38672,9.38805,1.00,1.00
2017.10.23 11:32:25.180,9.38685,9.38805,1.00,1.00
2017.10.23 11:32:25.899,9.38676,9.38805,1.00,1.00
2017.10.23 11:32:27.103,9.38685,9.38805,1.00,1.00
2017.10.23 11:32:29.567,9.38676,9.38805,1.00,1.00
2017.10.23 11:32:33.376,9.38665,9.38805,1.00,1.50
2017.10.23 11:32:33.691,9.38669,9.38805,1.00,1.00
2017.10.23 11:32:37.873,9.38652,9.38792,1.00,1.00
2017.10.23 11:32:37.975,9.38642,9.38782,1.00,1.00
2017.10.23 11:32:38.282,9.38629,9.38769,1.00,1.00
2017.10.23 11:32:46.129,9.38637,9.38777,1.00,1.00
2017.10.23 11:32:46.433,9.38628,9.38768,1.00,1.00
2017.10.23 11:32:48.816,9.38637,9.38777,1.00,1.00
2017.10.23 11:32:49.140,9.38629,9.38769,1.00,1.00
2017.10.23 11:32:49.489,9.38637,9.38777,1.00,1.00
2017.10.23 11:32:49.835,9.38628,9.38768,1.00,1.00
2017.10.23 11:32:51.172,9.38636,9.38776,1.00,1.00
2017.10.23 11:32:53.603,9.38634,9.38774,1.00,1.00
2017.10.23 11:33:05.662,9.38644,9.38784,1.00,1.00
2017.10.23 11:33:06.956,9.38634,9.38774,1.00,1.00
2017.10.23 11:33:13.179,9.38616,9.38785,1.00,1.00
2017.10.23 11:33:13.649,9.38637,9.38777,1.00,1.00
2017.10.23 11:33:26.088,9.38646,9.38785,1.00,1.00
2017.10.23 11:33:26.296,9.38637,9.38777,1.00,1.00
2017.10.23 11:33:26.882,9.38646,9.38785,1.00,1.00
2017.10.23 11:33:28.874,9.38637,9.38777,1.00,1.00
2017.10.23 11:33:29.370,9.38648,9.38785,1.00,1.00
2017.10.23 11:33:31.601,9.38637,9.38777,1.00,1.00
2017.10.23 11:33:35.928,9.38627,9.38767,1.00,1.00
2017.10.23 11:33:36.234,9.38638,9.38778,1.00,1.00
2017.10.23 11:33:37.916,9.38627,9.38767,1.00,1.00
2017.10.23 11:33:38.228,9.38637,9.38777,1.00,1.00
2017.10.23 11:33:42.032,9.38644,9.38786,1.00,1.00
2017.10.23 11:33:42.235,9.38635,9.38775,1.00,1.00
2017.10.23 11:33:42.540,9.38644,9.38784,1.00,1.00
2017.10.23 11:33:51.326,9.38635,9.38775,1.00,1.00
2017.10.23 11:33:52.750,9.38644,9.38784,1.00,1.00
2017.10.23 11:33:53.262,9.38635,9.38775,1.00,1.00
2017.10.23 11:33:59.958,9.38627,9.38767,1.00,1.00
2017.10.23 11:34:00.263,9.38617,9.38757,1.00,1.00
2017.10.23 11:34:01.664,9.38625,9.38765,1.00,1.50
2017.10.23 11:34:02.267,9.38617,9.38757,1.00,1.00
2017.10.23 11:34:02.870,9.38627,9.38765,1.00,1.00
2017.10.23 11:34:03.276,9.38618,9.38758,1.00,1.00
2017.10.23 11:34:03.532,9.38616,9.38758,1.00,1.00
2017.10.23 11:34:13.689,9.38619,9.38759,1.00,1.00
2017.10.23 11:34:14.584,9.3861,9.3875,1.00,1.00
2017.10.23 11:34:21.295,9.38618,9.38758,1.00,1.00
2017.10.23 11:34:21.602,9.3862,9.3876,1.00,1.00
2017.10.23 11:34:22.397,9.38642,9.38782,1.00,1.00
2017.10.23 11:34:25.890,9.38654,9.38785,1.00,1.00
2017.10.23 11:34:28.083,9.38646,9.38785,1.00,1.00
2017.10.23 11:34:28.234,9.38659,9.38785,1.00,1.00
2017.10.23 11:34:33.587,9.38658,9.38785,1.00,1.00
2017.10.23 11:34:33.892,9.38668,9.38785,1.00,1.00
2017.10.23 11:34:35.020,9.38659,9.38785,1.00,1.00
2017.10.23 11:34:41.542,9.38668,9.38785,1.00,1.00
2017.10.23 11:34:41.644,9.38659,9.38785,1.00,1.00
2017.10.23 11:34:42.407,9.38667,9.38785,1.00,1.00
2017.10.23 11:34:50.577,9.38667,9.38805,1.00,1.00
2017.10.23 11:34:51.144,9.38676,9.38816,1.00,1.00
2017.10.23 11:34:51.246,9.38715,9.38855,1.00,1.00
2017.10.23 11:34:51.552,9.38748,9.38888,1.00,1.00
2017.10.23 11:34:51.962,9.38739,9.38879,1.00,1.00
2017.10.23 11:34:52.370,9.38731,9.38871,1.00,1.00
2017.10.23 11:34:53.639,9.38733,9.38873,1.00,1.00
2017.10.23 11:34:54.247,9.38742,9.38882,1.00,1.00
2017.10.23 11:34:55.046,9.38732,9.38872,1.00,1.00
2017.10.23 11:34:56.753,9.38741,9.38881,1.00,1.00
2017.10.23 11:34:57.057,9.38732,9.38872,1.00,1.00
2017.10.23 11:34:57.488,9.38741,9.38881,1.00,1.00
2017.10.23 11:35:06.001,9.38731,9.38873,1.00,1.00
2017.10.23 11:35:07.894,9.38741,9.38881,1.00,1.00
2017.10.23 11:35:09.476,9.38732,9.38872,1.00,1.00
2017.10.23 11:35:10.170,9.38741,9.38881,1.00,1.00
2017.10.23 11:35:10.704,9.38732,9.38872,1.00,1.00
2017.10.23 11:35:13.696,9.38735,9.38875,1.00,1.00
2017.10.23 11:35:14.202,9.38717,9.38857,1.00,1.00
2017.10.23 11:35:15.881,9.38726,9.38866,1.00,1.50
2017.10.23 11:35:19.410,9.38718,9.38858,1.00,1.00
2017.10.23 11:35:30.699,9.38701,9.38841,1.00,1.00
2017.10.23 11:35:31.004,9.38684,9.38824,1.00,1.00
2017.10.23 11:35:31.309,9.38693,9.38833,1.00,1.00
2017.10.23 11:35:33.644,9.38699,9.38835,1.00,1.00
2017.10.23 11:35:34.410,9.3869,9.3883,1.00,1.00
2017.10.23 11:35:41.961,9.38691,9.38831,1.00,1.00
2017.10.23 11:35:42.216,9.38681,9.38821,1.00,1.00
2017.10.23 11:35:42.575,9.38681,9.3881,1.00,1.00
2017.10.23 11:35:43.953,9.38678,9.3881,1.00,1.00
2017.10.23 11:35:53.672,9.38679,9.3881,1.00,1.00
2017.10.23 11:35:55.916,9.38679,9.38819,1.00,1.00
2017.10.23 11:35:55.968,9.38688,9.38828,1.00,1.00
2017.10.23 11:35:59.675,9.38679,9.38819,1.00,1.00
2017.10.23 11:36:00.049,9.38689,9.38829,1.00,1.00
2017.10.23 11:36:08.223,9.38697,9.38835,1.00,1.00
2017.10.23 11:36:09.477,9.38706,9.38835,1.00,1.00
2017.10.23 11:36:10.169,9.38706,9.38848,1.00,1.00
2017.10.23 11:36:10.220,9.38716,9.38858,1.00,1.00
2017.10.23 11:36:10.526,9.38737,9.38877,1.00,1.00
2017.10.23 11:36:11.505,9.38747,9.38889,1.00,1.00
2017.10.23 11:36:11.607,9.38747,9.38885,1.00,1.00
2017.10.23 11:36:12.439,9.38735,9.38877,1.00,1.00
2017.10.23 11:36:13.697,9.38739,9.38879,1.00,1.00
2017.10.23 11:36:24.435,9.3875,9.38885,1.00,1.00
2017.10.23 11:36:25.565,9.3875,9.3889,1.00,1.00
2017.10.23 11:36:25.616,9.38759,9.38901,1.00,1.00
2017.10.23 11:36:27.095,9.38759,9.38885,1.00,1.00
2017.10.23 11:36:27.146,9.38759,9.38901,1.00,1.00
2017.10.23 11:36:27.645,9.38772,9.38905,1.00,1.00
2017.10.23 11:36:27.950,9.38781,9.38905,1.00,1.00
2017.10.23 11:36:28.076,9.38773,9.38905,1.00,1.00
2017.10.23 11:36:33.144,9.38782,9.38905,1.00,1.00
2017.10.23 11:36:33.502,9.38782,9.38922,1.00,1.00
2017.10.23 11:36:33.655,9.38788,9.38928,1.00,1.00
2017.10.23 11:36:35.661,9.38798,9.38936,1.00,1.00
2017.10.23 11:36:35.763,9.38798,9.38938,1.00,1.00
2017.10.23 11:36:35.865,9.38814,9.38954,1.00,1.00
2017.10.23 11:36:36.171,9.38831,9.38971,1.00,1.00
2017.10.23 11:36:36.513,9.38841,9.38981,1.00,1.00
2017.10.23 11:36:37.734,9.38831,9.38973,1.00,1.00
2017.10.23 11:36:39.243,9.38841,9.38981,1.00,1.00
2017.10.23 11:36:42.015,9.38841,9.38965,1.00,1.00
2017.10.23 11:36:42.066,9.3882,9.3896,1.00,2.10
2017.10.23 11:36:42.117,9.3882,9.38947,1.00,1.00
2017.10.23 11:36:42.169,9.38787,9.38927,1.00,1.00
2017.10.23 11:36:43.535,9.38796,9.38935,1.00,1.00
2017.10.23 11:36:51.260,9.38796,9.38886,1.00,1.50
2017.10.23 11:36:51.312,9.38796,9.38921,1.00,1.45
2017.10.23 11:36:51.363,9.38753,9.38893,1.00,1.00
2017.10.23 11:36:51.464,9.38767,9.38907,1.00,1.00
2017.10.23 11:36:51.802,9.38786,9.38926,1.00,1.00
2017.10.23 11:36:53.686,9.38784,9.38924,1.00,1.00
2017.10.23 11:36:56.996,9.38784,9.38922,1.00,1.42
2017.10.23 11:36:57.232,9.38664,9.38804,1.00,1.00
2017.10.23 11:36:57.284,9.38649,9.38789,1.00,1.00
2017.10.23 11:36:58.037,9.38649,9.38786,1.00,1.00
2017.10.23 11:36:58.191,9.38639,9.38779,1.00,1.00
2017.10.23 11:36:58.395,9.38631,9.38771,1.00,1.00
2017.10.23 11:36:58.881,9.38641,9.38781,1.00,1.00
2017.10.23 11:36:59.392,9.38641,9.38776,1.00,1.00
2017.10.23 11:36:59.495,9.38633,9.38773,1.00,1.00
2017.10.23 11:37:00.410,9.38622,9.38762,1.00,1.00
2017.10.23 11:37:12.516,9.38621,9.38761,1.00,1.00
2017.10.23 11:37:22.628,9.38616,9.3875,1.00,1.00
2017.10.23 11:37:22.883,9.3861,9.3875,1.00,1.00
2017.10.23 11:37:32.277,9.38601,9.38741,1.00,1.00
2017.10.23 11:37:33.652,9.38607,9.38747,1.00,1.00
2017.10.23 11:37:36.685,9.38615,9.38755,1.00,1.00
2017.10.23 11:37:36.989,9.38606,9.38746,1.00,1.00
2017.10.23 11:37:39.780,9.38615,9.38755,1.00,1.00
2017.10.23 11:37:53.693,9.38618,9.38758,1.00,1.00
2017.10.23 11:37:59.215,9.38597,9.38737,1.00,1.00
2017.10.23 11:37:59.520,9.38606,9.38746,1.00,1.00
2017.10.23 11:38:02.387,9.38616,9.38756,1.00,1.00
2017.10.23 11:38:13.122,9.38627,9.38765,1.00,1.00
2017.10.23 11:38:16.916,9.38627,9.38766,1.00,1.00
2017.10.23 11:38:17.068,9.38651,9.38791,1.00,1.00
2017.10.23 11:38:17.119,9.3866,9.388,1.00,1.00
2017.10.23 11:38:17.425,9.38651,9.38791,1.00,1.00
2017.10.23 11:38:25.979,9.38633,9.38773,1.00,1.00
2017.10.23 11:38:28.538,9.38642,9.38782,1.00,1.00
2017.10.23 11:38:33.039,9.38653,9.3879,1.00,1.00
2017.10.23 11:38:33.660,9.3865,9.3879,1.00,1.50
2017.10.23 11:38:53.696,9.38643,9.38783,1.00,1.00
2017.10.23 11:38:54.278,9.38652,9.3879,1.00,1.00
2017.10.23 11:38:54.701,9.38642,9.38782,1.00,1.00
2017.10.23 11:38:55.800,9.38651,9.3879,1.00,1.00
2017.10.23 11:38:56.220,9.3863,9.38766,1.00,1.00
2017.10.23 11:38:56.271,9.38626,9.38766,1.00,1.00
2017.10.23 11:38:56.424,9.38635,9.38775,1.00,1.00
2017.10.23 11:38:56.883,9.38627,9.38767,1.00,1.00
2017.10.23 11:38:57.284,9.38636,9.38776,1.00,1.00
2017.10.23 11:39:07.433,9.38647,9.38776,1.00,1.00
2017.10.23 11:39:07.535,9.38639,9.38776,1.00,1.00
2017.10.23 11:39:07.586,9.38639,9.38779,1.00,1.00
2017.10.23 11:39:07.638,9.3863,9.3877,1.00,1.00
2017.10.23 11:39:13.645,9.38634,9.38774,1.00,1.00
2017.10.23 11:39:32.776,9.38643,9.38783,1.00,1.00
2017.10.23 11:39:33.680,9.38639,9.38779,1.00,1.00
2017.10.23 11:39:44.083,9.38647,9.38787,1.00,1.00
2017.10.23 11:39:44.388,9.38667,9.38806,1.00,1.00
2017.10.23 11:39:44.693,9.38657,9.38797,1.00,1.00
2017.10.23 11:39:45.076,9.38644,9.38806,1.00,1.00
2017.10.23 11:39:52.119,9.38667,9.38806,1.00,1.00
2017.10.23 11:39:52.221,9.38657,9.38797,1.00,1.00
2017.10.23 11:39:52.272,9.38665,9.38805,1.00,1.00
2017.10.23 11:39:53.698,9.38667,9.38807,1.00,1.50
2017.10.23 11:39:53.922,9.38675,9.38817,1.00,1.00
2017.10.23 11:39:54.024,9.38686,9.38826,1.00,1.00
2017.10.23 11:39:54.330,9.38695,9.38835,1.00,1.50
2017.10.23 11:39:55.083,9.38704,9.38844,1.00,1.00
2017.10.23 11:39:55.393,9.38717,9.38857,1.00,1.00
2017.10.23 11:39:55.902,9.38724,9.38864,1.00,1.00
2017.10.23 11:39:57.325,9.38716,9.38856,1.00,1.00
2017.10.23 11:39:57.714,9.38714,9.38856,1.00,1.50
2017.10.23 11:39:57.766,9.38714,9.38836,1.00,1.00
2017.10.23 11:39:57.817,9.38706,9.38836,1.00,1.00
2017.10.23 11:39:57.919,9.38683,9.38823,1.00,1.00
2017.10.23 11:39:58.731,9.38691,9.38831,1.00,1.00
2017.10.23 11:39:59.214,9.38677,9.38817,1.00,1.00
2017.10.23 11:39:59.555,9.38685,9.38825,1.00,1.00
2017.10.23 11:40:00.159,9.38672,9.38814,1.00,1.00
2017.10.23 11:40:00.320,9.38684,9.38824,1.00,1.00
2017.10.23 11:40:00.727,9.38695,9.38835,1.00,1.50
2017.10.23 11:40:01.087,9.38714,9.38854,1.00,1.00
2017.10.23 11:40:05.907,9.38704,9.38846,1.00,1.00
2017.10.23 11:40:10.652,9.38713,9.38853,1.00,1.00
2017.10.23 11:40:13.299,9.38713,9.38836,1.00,1.00
2017.10.23 11:40:13.350,9.38705,9.38836,1.00,1.00
2017.10.23 11:40:13.452,9.38682,9.38822,1.00,1.00
2017.10.23 11:40:13.656,9.3868,9.3882,1.00,1.00
2017.10.23 11:40:16.652,9.38689,9.38831,1.00,1.00
2017.10.23 11:40:17.338,9.38681,9.38821,1.00,1.00
2017.10.23 11:40:25.469,9.3868,9.3882,1.00,1.00
2017.10.23 11:40:26.447,9.38689,9.38829,1.00,1.00
2017.10.23 11:40:27.058,9.38698,9.38836,1.00,1.00
2017.10.23 11:40:27.160,9.38707,9.38847,1.00,1.00
2017.10.23 11:40:27.262,9.38714,9.38855,1.00,1.00
2017.10.23 11:40:27.752,9.38705,9.38845,1.00,1.00
2017.10.23 11:40:30.677,9.38711,9.38851,1.00,1.00
2017.10.23 11:40:31.465,9.38702,9.38842,1.00,1.00
2017.10.23 11:40:31.881,9.38711,9.38851,1.00,1.00
2017.10.23 11:40:33.678,9.3871,9.3885,1.00,1.00
2017.10.23 11:40:40.499,9.38701,9.38841,1.00,1.00
2017.10.23 11:40:40.905,9.3871,9.3885,1.00,1.00
2017.10.23 11:40:41.223,9.38702,9.38842,1.00,1.00
2017.10.23 11:40:45.797,9.38711,9.38851,1.00,1.00
2017.10.23 11:40:46.287,9.38702,9.38842,1.00,1.00
2017.10.23 11:40:47.384,9.38711,9.38851,1.00,1.00
2017.10.23 11:40:48.793,9.38702,9.38842,1.00,1.00
2017.10.23 11:40:52.233,9.38721,9.38861,1.00,1.00
2017.10.23 11:40:52.538,9.3873,9.3887,1.00,1.00
2017.10.23 11:40:53.707,9.38736,9.38876,1.00,1.00
2017.10.23 11:40:54.020,9.38745,9.38885,1.00,1.50
2017.10.23 11:40:56.207,9.38737,9.38877,1.00,1.00
2017.10.23 11:40:57.245,9.38746,9.38885,1.00,1.00
2017.10.23 11:40:57.347,9.38737,9.38877,1.00,1.00
2017.10.23 11:40:57.917,9.38746,9.38885,1.00,1.00
2017.10.23 11:40:58.711,9.38736,9.38876,1.00,1.00
2017.10.23 11:41:00.339,9.38745,9.38885,1.00,1.50
2017.10.23 11:41:04.740,9.38736,9.38876,1.00,1.00
2017.10.23 11:41:08.128,9.38728,9.38868,1.00,1.00
2017.10.23 11:41:13.332,9.38716,9.3885,1.00,1.00
2017.10.23 11:41:13.788,9.3871,9.3885,1.00,1.00
2017.10.23 11:41:13.839,9.38702,9.38842,1.00,1.00
2017.10.23 11:41:21.473,9.38696,9.38833,1.00,1.00
2017.10.23 11:41:21.525,9.38693,9.38833,1.00,1.00
2017.10.23 11:41:21.576,9.38685,9.38825,1.00,1.00
2017.10.23 11:41:21.936,9.38675,9.38815,1.00,1.00
2017.10.23 11:41:22.292,9.38666,9.38806,1.50,1.00
2017.10.23 11:41:31.267,9.38666,9.38797,1.00,1.00
2017.10.23 11:41:31.633,9.38657,9.38797,1.00,1.00
2017.10.23 11:41:33.707,9.3866,9.388,1.00,1.00
2017.10.23 11:41:36.200,9.38646,9.38782,1.00,1.00
2017.10.23 11:41:41.493,9.38642,9.38782,1.00,1.00
2017.10.23 11:41:52.725,9.38633,9.38773,1.00,1.00
2017.10.23 11:41:53.648,9.38636,9.38776,1.00,1.00
2017.10.23 11:42:00.253,9.38645,9.38785,1.00,1.00
2017.10.23 11:42:01.462,9.38656,9.38796,1.00,1.00
2017.10.23 11:42:01.766,9.38674,9.38814,1.00,1.00
2017.10.23 11:42:02.111,9.38664,9.38804,1.00,1.00
2017.10.23 11:42:02.736,9.38674,9.38814,1.00,1.00
2017.10.23 11:42:03.779,9.38664,9.38804,1.00,1.00
2017.10.23 11:42:04.760,9.38673,9.38813,1.00,1.00
2017.10.23 11:42:06.175,9.38664,9.38804,1.00,1.00
2017.10.23 11:42:13.668,9.38673,9.38813,1.00,1.00
2017.10.23 11:42:19.191,9.38664,9.38804,1.00,1.00
2017.10.23 11:42:25.126,9.38666,9.38804,1.00,1.00
2017.10.23 11:42:25.454,9.38684,9.38815,1.00,1.00
2017.10.23 11:42:32.430,9.38675,9.38815,1.00,1.50
2017.10.23 11:42:33.717,9.38679,9.38815,1.00,1.00
2017.10.23 11:42:38.449,9.38679,9.38819,1.00,1.00
2017.10.23 11:42:39.801,9.38706,9.38846,1.00,1.00
2017.10.23 11:42:40.109,9.38715,9.38855,1.00,1.00
2017.10.23 11:42:40.955,9.38728,9.38865,1.00,1.00
2017.10.23 11:42:41.056,9.38728,9.38868,1.00,1.00
2017.10.23 11:42:41.412,9.38709,9.38849,1.00,1.00
2017.10.23 11:42:41.920,9.38715,9.38857,1.00,1.00
2017.10.23 11:42:47.115,9.38706,9.38846,1.00,1.00
2017.10.23 11:42:53.649,9.38708,9.38848,1.00,1.00
2017.10.23 11:42:58.032,9.38708,9.38846,1.00,1.00
2017.10.23 11:42:58.084,9.38708,9.38848,1.00,1.00
2017.10.23 11:42:58.238,9.38717,9.38857,1.00,1.00
2017.10.23 11:42:59.406,9.38717,9.38856,1.00,1.00
2017.10.23 11:42:59.662,9.38721,9.38863,1.00,1.00
2017.10.23 11:42:59.865,9.38729,9.38866,1.00,1.00
2017.10.23 11:42:59.967,9.38718,9.38858,1.00,1.00
2017.10.23 11:43:00.070,9.38716,9.38856,1.50,1.00
2017.10.23 11:43:00.172,9.38723,9.38865,1.00,1.00
2017.10.23 11:43:06.446,9.38716,9.38854,1.00,1.00
2017.10.23 11:43:06.497,9.38714,9.38854,1.00,1.00
2017.10.23 11:43:06.905,9.38714,9.38846,1.00,1.00
2017.10.23 11:43:06.956,9.38701,9.38836,1.00,1.00
2017.10.23 11:43:07.059,9.38692,9.38832,1.00,1.00
2017.10.23 11:43:07.559,9.38691,9.38823,1.00,1.00
2017.10.23 11:43:08.356,9.38683,9.38823,1.00,1.00
2017.10.23 11:43:08.407,9.38691,9.38823,1.00,1.00
2017.10.23 11:43:08.458,9.38672,9.38812,1.00,1.00
2017.10.23 11:43:13.760,9.38675,9.38815,1.00,1.00
2017.10.23 11:43:29.433,9.38665,9.38805,1.00,1.00
2017.10.23 11:43:30.676,9.38666,9.38805,1.00,1.00
2017.10.23 11:43:33.734,9.38666,9.388,1.00,1.00
2017.10.23 11:43:38.864,9.3866,9.388,1.00,1.00
2017.10.23 11:43:53.648,9.38661,9.38801,1.00,1.00
2017.10.23 11:43:57.459,9.38669,9.38809,1.00,1.00
2017.10.23 11:43:57.833,9.3866,9.388,1.00,1.00
2017.10.23 11:44:13.666,9.38661,9.38801,1.00,1.00
2017.10.23 11:44:25.080,9.38669,9.38811,1.00,1.00
2017.10.23 11:44:26.815,9.38661,9.38801,1.00,1.00
2017.10.23 11:44:31.330,9.38669,9.38809,1.00,1.00
2017.10.23 11:44:33.692,9.38668,9.38808,1.00,1.00
2017.10.23 11:44:35.931,9.3866,9.388,1.00,1.00
2017.10.23 11:44:39.505,9.3867,9.3881,1.00,1.00
2017.10.23 11:44:49.020,9.38661,9.38801,1.00,1.00
2017.10.23 11:44:49.326,9.38671,9.38811,1.00,1.00
2017.10.23 11:44:51.672,9.38661,9.38801,1.00,1.00
2017.10.23 11:44:51.989,9.3867,9.3881,1.00,1.00
2017.10.23 11:44:53.648,9.38666,9.38806,1.00,1.00
2017.10.23 11:45:00.211,9.38666,9.38798,1.00,1.00
2017.10.23 11:45:00.262,9.3864,9.38776,1.00,1.00
2017.10.23 11:45:00.364,9.38627,9.38767,1.00,1.00
2017.10.23 11:45:00.467,9.38618,9.38758,1.00,1.00
2017.10.23 11:45:04.044,9.38596,9.38763,1.25,1.00
2017.10.23 11:45:05.125,9.38626,9.38763,1.00,1.00
2017.10.23 11:45:09.816,9.38626,9.38716,1.00,1.50
2017.10.23 11:45:09.867,9.38606,9.38703,1.00,1.00
2017.10.23 11:45:09.918,9.38569,9.38703,1.00,1.00
2017.10.23 11:45:09.969,9.38549,9.38684,1.00,1.00
2017.10.23 11:45:10.021,9.38544,9.38673,1.00,1.00
2017.10.23 11:45:10.072,9.38523,9.38658,1.00,1.00
2017.10.23 11:45:10.123,9.38518,9.38658,1.00,1.00
2017.10.23 11:45:11.595,9.38527,9.38667,1.00,1.00
2017.10.23 11:45:11.902,9.38537,9.38677,1.00,1.00
2017.10.23 11:45:13.650,9.38536,9.38676,1.00,1.00
2017.10.23 11:45:28.955,9.38536,9.38674,1.00,1.00
2017.10.23 11:45:29.007,9.38521,9.38661,1.50,1.00
2017.10.23 11:45:52.949,9.38531,9.38665,1.00,1.00
2017.10.23 11:45:53.629,9.38527,9.38665,1.00,1.00
2017.10.23 11:45:54.456,9.38527,9.38667,1.00,1.00
2017.10.23 11:46:02.265,9.38514,9.3865,1.00,1.00
2017.10.23 11:46:02.367,9.38482,9.38622,1.00,1.00
2017.10.23 11:46:02.418,9.38482,9.3861,1.00,1.00
2017.10.23 11:46:02.470,9.38465,9.38595,1.00,1.00
2017.10.23 11:46:02.777,9.38465,9.38604,1.00,1.00
2017.10.23 11:46:03.316,9.38464,9.38604,1.50,1.00
2017.10.23 11:46:03.367,9.38481,9.3861,1.00,1.00
2017.10.23 11:46:04.257,9.3849,9.38615,1.00,1.00
2017.10.23 11:46:04.308,9.3849,9.3863,1.00,1.00
2017.10.23 11:46:04.649,9.38503,9.38635,1.00,1.00
2017.10.23 11:46:08.653,9.38513,9.38635,1.00,1.00
2017.10.23 11:46:13.687,9.38515,9.38635,1.00,1.00
2017.10.23 11:46:16.841,9.38515,9.38646,1.00,1.00
2017.10.23 11:46:16.892,9.38504,9.38644,1.00,1.00
2017.10.23 11:46:29.770,9.38504,9.3864,1.00,1.00
2017.10.23 11:46:33.686,9.38501,9.3864,1.00,1.00
2017.10.23 11:46:39.865,9.38501,9.38641,1.00,1.00
2017.10.23 11:46:39.916,9.38527,9.38655,1.00,1.00
2017.10.23 11:46:40.127,9.38516,9.38655,1.00,1.00
2017.10.23 11:46:42.124,9.38516,9.38656,1.00,1.00
2017.10.23 11:46:42.176,9.38516,9.38641,1.00,1.00
2017.10.23 11:46:42.227,9.38497,9.38637,1.00,1.00
2017.10.23 11:46:45.860,9.38508,9.38648,1.00,1.00
2017.10.23 11:46:46.437,9.38543,9.38682,1.00,1.00
2017.10.23 11:46:49.682,9.38544,9.38682,1.00,1.00
2017.10.23 11:46:52.765,9.38534,9.38674,1.00,1.00
2017.10.23 11:46:52.867,9.38544,9.38682,1.00,1.00
2017.10.23 11:46:53.652,9.38549,9.38682,1.00,1.00
2017.10.23 11:46:53.754,9.38549,9.38689,1.00,1.00
2017.10.23 11:46:53.857,9.38557,9.38694,1.00,1.00
2017.10.23 11:46:54.255,9.38557,9.38697,1.00,1.00
2017.10.23 11:46:54.357,9.38566,9.38705,1.00,1.00
2017.10.23 11:46:54.881,9.38573,9.38713,1.00,1.00
2017.10.23 11:46:55.389,9.38573,9.3871,1.00,1.00
2017.10.23 11:46:55.542,9.3856,9.387,1.00,1.00
2017.10.23 11:46:55.644,9.38572,9.38707,1.00,1.00
2017.10.23 11:46:55.847,9.38562,9.38702,1.00,1.00
2017.10.23 11:46:57.488,9.38553,9.38695,1.00,1.00
2017.10.23 11:46:57.590,9.38564,9.38704,1.00,1.00
2017.10.23 11:46:59.165,9.38553,9.38693,1.00,1.00
2017.10.23 11:46:59.267,9.38526,9.38668,1.00,1.00
2017.10.23 11:47:05.668,9.38545,9.38687,1.00,1.00
2017.10.23 11:47:05.973,9.3857,9.3871,1.00,1.00
2017.10.23 11:47:06.279,9.3859,9.3873,1.00,1.00
2017.10.23 11:47:07.896,9.38568,9.38708,1.00,1.00
2017.10.23 11:47:08.203,9.3858,9.3872,1.00,1.00
2017.10.23 11:47:13.203,9.38589,9.38729,1.00,1.00
2017.10.23 11:47:13.847,9.3859,9.3873,1.00,1.00
2017.10.23 11:47:23.851,9.38581,9.38721,1.00,1.00
2017.10.23 11:47:26.320,9.38572,9.38712,1.00,1.00
2017.10.23 11:47:26.826,9.3858,9.3872,1.00,1.00
2017.10.23 11:47:27.618,9.38588,9.38728,1.00,1.00
2017.10.23 11:47:28.016,9.38579,9.38719,1.00,1.00
2017.10.23 11:47:29.941,9.3859,9.38732,1.00,1.00
2017.10.23 11:47:33.746,9.38584,9.38726,1.00,1.00
2017.10.23 11:47:38.950,9.38593,9.38735,1.00,1.50
2017.10.23 11:47:40.081,9.38585,9.38725,1.00,1.00
2017.10.23 11:47:48.283,9.38576,9.38716,1.00,1.00
2017.10.23 11:47:48.802,9.38586,9.38726,1.00,1.00
2017.10.23 11:47:53.703,9.38587,9.38727,1.00,1.00
2017.10.23 11:47:59.350,9.38604,9.38735,1.00,1.00
2017.10.23 11:48:01.147,9.38604,9.38744,1.00,1.00
2017.10.23 11:48:01.303,9.38595,9.38735,1.00,1.00
2017.10.23 11:48:03.931,9.38584,9.38726,1.00,1.00
2017.10.23 11:48:04.134,9.38598,9.38738,1.00,1.00
2017.10.23 11:48:05.517,9.38584,9.38724,1.00,1.00
2017.10.23 11:48:05.823,9.38597,9.38737,1.00,1.00
2017.10.23 11:48:09.412,9.38597,9.38735,1.00,1.00
2017.10.23 11:48:10.881,9.38597,9.38737,1.00,1.00
2017.10.23 11:48:11.427,9.386,9.3874,1.00,1.00
2017.10.23 11:48:13.310,9.386,9.38736,1.00,1.00
2017.10.23 11:48:13.642,9.38595,9.38735,1.00,1.00
2017.10.23 11:48:33.689,9.38598,9.38738,1.00,1.00
2017.10.23 11:48:37.006,9.38594,9.38734,1.00,1.00
2017.10.23 11:48:47.492,9.38607,9.38747,1.00,1.00
2017.10.23 11:48:47.814,9.38628,9.38755,1.00,1.00
2017.10.23 11:48:48.922,9.38619,9.38755,1.00,1.00
2017.10.23 11:48:53.627,9.38623,9.38755,1.00,1.00
2017.10.23 11:48:59.555,9.38623,9.38763,1.00,1.00
2017.10.23 11:49:13.680,9.38629,9.38769,1.00,1.00
2017.10.23 11:49:15.965,9.38629,9.3876,1.00,1.00
2017.10.23 11:49:16.067,9.38609,9.38749,1.00,1.00
2017.10.23 11:49:18.294,9.38596,9.38736,1.00,1.00
2017.10.23 11:49:18.596,9.38604,9.38744,1.00,1.00
2017.10.23 11:49:30.786,9.38605,9.38745,1.00,1.00
2017.10.23 11:49:32.837,9.38627,9.38769,1.00,1.00
2017.10.23 11:49:32.888,9.38637,9.38777,1.00,1.00
2017.10.23 11:49:33.194,9.38679,9.38819,1.00,1.00
2017.10.23 11:49:33.702,9.38683,9.38823,1.00,1.00
2017.10.23 11:49:34.123,9.38694,9.38834,1.00,1.00
2017.10.23 11:49:36.796,9.38686,9.38826,1.00,1.00
2017.10.23 11:49:42.828,9.38689,9.38829,1.00,1.00
2017.10.23 11:49:43.134,9.38691,9.38831,1.00,1.00
2017.10.23 11:49:53.646,9.38694,9.38834,1.00,1.00
2017.10.23 11:49:55.745,9.38685,9.38825,1.00,1.00
2017.10.23 11:49:56.060,9.38696,9.38835,1.00,1.00
2017.10.23 11:49:56.742,9.38696,9.38816,1.00,1.00
2017.10.23 11:49:56.844,9.3864,9.3878,1.00,1.00
2017.10.23 11:49:57.149,9.38649,9.38789,1.00,1.00
2017.10.23 11:49:58.446,9.3864,9.3878,1.00,1.00
2017.10.23 11:49:58.753,9.38651,9.38791,1.00,1.00
2017.10.23 11:50:00.434,9.38643,9.38783,1.00,1.00
2017.10.23 11:50:00.739,9.38636,9.38774,1.00,1.00
2017.10.23 11:50:00.841,9.38634,9.38774,1.00,1.00
2017.10.23 11:50:01.117,9.38634,9.38766,1.00,1.00
2017.10.23 11:50:01.168,9.38603,9.38743,1.00,1.00
2017.10.23 11:50:01.353,9.38594,9.38734,1.00,1.00
2017.10.23 11:50:01.935,9.38584,9.38724,1.00,1.00
2017.10.23 11:50:13.855,9.38586,9.38726,1.00,1.00
2017.10.23 11:50:16.876,9.38577,9.38717,1.00,1.00
2017.10.23 11:50:17.218,9.38563,9.38703,1.00,1.00
2017.10.23 11:50:17.523,9.38572,9.3871,1.00,1.00
2017.10.23 11:50:18.394,9.38572,9.38712,1.00,1.00
2017.10.23 11:50:18.991,9.38574,9.38714,1.00,1.00
2017.10.23 11:50:20.366,9.38574,9.3871,1.00,1.00
2017.10.23 11:50:20.986,9.38575,9.3871,1.00,1.00
2017.10.23 11:50:21.749,9.38575,9.38715,1.00,1.00
2017.10.23 11:50:23.692,9.38578,9.38718,1.00,1.00
2017.10.23 11:50:23.997,9.38586,9.38726,1.00,1.00
2017.10.23 11:50:24.787,9.38577,9.38717,1.00,1.00
2017.10.23 11:50:27.419,9.38586,9.38726,1.00,1.00
2017.10.23 11:50:27.760,9.38578,9.38718,1.00,1.00
2017.10.23 11:50:30.617,9.38565,9.38705,1.00,1.00
2017.10.23 11:50:33.589,9.38566,9.38706,1.00,1.00
2017.10.23 11:50:34.165,9.38566,9.38705,1.00,1.00
2017.10.23 11:50:48.153,9.38557,9.38697,1.00,1.00
2017.10.23 11:50:49.131,9.38565,9.38705,1.00,1.50
2017.10.23 11:50:50.067,9.3855,9.3869,1.00,1.00
2017.10.23 11:50:50.169,9.38561,9.38703,1.00,1.00
2017.10.23 11:50:50.271,9.38554,9.38694,1.00,1.00
2017.10.23 11:50:52.558,9.38563,9.38703,1.00,1.00
2017.10.23 11:50:53.372,9.38572,9.38705,1.00,1.00
2017.10.23 11:50:53.424,9.38572,9.38712,1.00,1.00
2017.10.23 11:50:53.475,9.3858,9.3872,1.00,1.00
2017.10.23 11:50:53.798,9.38586,9.38726,1.00,1.00
2017.10.23 11:50:54.149,9.38595,9.38735,1.00,1.50
2017.10.23 11:50:57.740,9.38573,9.38713,1.00,1.00
2017.10.23 11:50:58.058,9.38532,9.38672,1.00,1.00
2017.10.23 11:50:58.971,9.38531,9.38673,1.00,1.00
2017.10.23 11:51:04.752,9.38535,9.38675,1.00,1.00
2017.10.23 11:51:05.057,9.38532,9.38672,1.00,1.00
2017.10.23 11:51:05.596,9.38535,9.38675,1.00,1.00
2017.10.23 11:51:05.901,9.38532,9.38672,1.00,1.00
2017.10.23 11:51:13.718,9.38538,9.38678,1.00,1.00
2017.10.23 11:51:15.109,9.38529,9.38669,1.00,1.00
2017.10.23 11:51:15.445,9.38537,9.38677,1.00,1.00
2017.10.23 11:51:15.780,9.38529,9.38669,1.00,1.00
2017.10.23 11:51:20.116,9.3853,9.38669,1.60,1.00
2017.10.23 11:51:20.218,9.3856,9.387,1.00,1.00
2017.10.23 11:51:20.320,9.38581,9.38721,1.00,1.00
2017.10.23 11:51:21.766,9.38581,9.3871,1.00,1.00
2017.10.23 11:51:23.225,9.38572,9.3871,1.00,1.00
2017.10.23 11:51:23.276,9.38572,9.38712,1.00,1.00
2017.10.23 11:51:23.791,9.3858,9.3872,1.00,1.00
2017.10.23 11:51:23.994,9.3857,9.38711,1.00,1.00
2017.10.23 11:51:24.993,9.38572,9.38711,1.00,1.00
2017.10.23 11:51:25.524,9.38572,9.3871,1.00,1.00
2017.10.23 11:51:26.988,9.38572,9.38712,1.00,1.00
2017.10.23 11:51:27.989,9.38572,9.3871,1.00,1.00
2017.10.23 11:51:28.138,9.38557,9.38697,1.00,1.00
2017.10.23 11:51:28.190,9.38548,9.38688,1.00,1.00
2017.10.23 11:51:28.494,9.38565,9.38705,1.00,1.00
2017.10.23 11:51:29.105,9.38559,9.38699,1.00,1.00
2017.10.23 11:51:31.141,9.38559,9.38694,1.00,1.45
2017.10.23 11:51:31.243,9.38515,9.38655,1.00,1.00
2017.10.23 11:51:32.130,9.38512,9.38652,1.00,1.00
2017.10.23 11:51:32.724,9.38513,9.38653,1.00,1.00
2017.10.23 11:51:33.617,9.38517,9.38657,1.00,1.00
2017.10.23 11:51:36.218,9.38514,9.38654,1.00,1.00
2017.10.23 11:51:40.817,9.38532,9.38674,1.00,1.00
2017.10.23 11:51:40.919,9.38546,9.38681,1.00,1.00
2017.10.23 11:51:41.021,9.38544,9.38681,1.00,1.00
2017.10.23 11:51:41.225,9.38536,9.38676,1.00,1.00
2017.10.23 11:51:41.327,9.38544,9.38681,1.00,1.00
2017.10.23 11:51:41.429,9.38536,9.38676,1.00,1.00
2017.10.23 11:51:42.650,9.38545,9.38685,1.00,1.00
2017.10.23 11:51:43.726,9.38536,9.38676,1.00,1.00
2017.10.23 11:51:44.332,9.38546,9.38685,1.00,1.00
2017.10.23 11:51:44.738,9.38538,9.38678,1.00,1.00
2017.10.23 11:51:45.721,9.38528,9.3867,1.00,1.00
2017.10.23 11:51:45.925,9.38516,9.38652,1.00,1.00
2017.10.23 11:51:46.129,9.38521,9.38661,1.00,1.00
2017.10.23 11:51:47.584,9.38509,9.38649,1.00,1.00
2017.10.23 11:51:47.901,9.38518,9.38658,1.00,1.00
2017.10.23 11:51:49.455,9.38516,9.3865,1.00,1.00
2017.10.23 11:51:50.154,9.38519,9.38659,1.00,1.00
2017.10.23 11:51:50.458,9.38516,9.38648,1.00,1.00
2017.10.23 11:51:50.597,9.38508,9.38648,1.00,1.00
2017.10.23 11:51:50.951,9.3849,9.3863,1.19,1.00
2017.10.23 11:51:51.410,9.38496,9.3863,1.00,1.00
2017.10.23 11:51:51.602,9.3849,9.3863,1.19,1.00
2017.10.23 11:51:52.470,9.38499,9.38639,1.00,1.00
2017.10.23 11:51:53.157,9.3849,9.3863,1.19,1.00
2017.10.23 11:51:53.489,9.38479,9.38621,1.19,1.00
2017.10.23 11:51:53.642,9.38485,9.38625,1.19,1.00
2017.10.23 11:51:54.774,9.38494,9.38634,1.25,1.00
2017.10.23 11:51:55.659,9.3848,9.3862,1.19,1.00
2017.10.23 11:51:55.761,9.3849,9.3863,1.19,1.00
2017.10.23 11:51:55.863,9.3848,9.3862,1.19,1.00
2017.10.23 11:51:56.269,9.38488,9.38628,1.19,1.00
2017.10.23 11:51:56.371,9.3848,9.3862,1.19,1.00
2017.10.23 11:51:56.676,9.38488,9.38628,1.19,1.00
2017.10.23 11:51:56.879,9.3848,9.3862,1.00,1.00
2017.10.23 11:51:56.981,9.38488,9.38628,1.00,1.00
2017.10.23 11:51:57.877,9.38478,9.38618,1.00,1.00
2017.10.23 11:51:58.182,9.38513,9.38653,1.00,1.00
2017.10.23 11:51:59.172,9.38504,9.38644,1.00,1.00
2017.10.23 11:51:59.858,9.38494,9.38634,1.00,1.00
2017.10.23 11:52:00.163,9.38486,9.38626,1.00,1.00
2017.10.23 11:52:00.715,9.38476,9.38613,1.00,1.00
2017.10.23 11:52:02.280,9.38481,9.38621,1.00,1.00
2017.10.23 11:52:02.479,9.38476,9.38614,1.00,1.00
2017.10.23 11:52:03.669,9.38482,9.38622,1.00,1.00
2017.10.23 11:52:04.294,9.38476,9.3861,1.00,1.00
2017.10.23 11:52:04.498,9.38479,9.38619,1.00,1.00
2017.10.23 11:52:06.578,9.38465,9.38602,1.00,1.00
2017.10.23 11:52:13.445,9.38464,9.38602,1.00,1.00
2017.10.23 11:52:13.700,9.38466,9.38606,1.00,1.00
2017.10.23 11:52:16.346,9.38471,9.38606,1.00,1.00
2017.10.23 11:52:16.397,9.38466,9.38606,1.00,1.00
2017.10.23 11:52:17.432,9.38475,9.38615,1.00,1.00
2017.10.23 11:52:17.789,9.38465,9.38605,1.50,1.00
2017.10.23 11:52:18.822,9.38474,9.38614,1.00,1.00
2017.10.23 11:52:21.540,9.38465,9.38606,1.00,1.00
2017.10.23 11:52:33.282,9.38464,9.38594,1.00,1.00
2017.10.23 11:52:33.536,9.38396,9.38534,1.00,1.00
2017.10.23 11:52:33.638,9.38429,9.38565,1.00,1.00
2017.10.23 11:52:33.741,9.38428,9.38568,1.00,1.00
2017.10.23 11:52:34.433,9.38439,9.38579,1.00,1.00
2017.10.23 11:52:36.845,9.38419,9.38558,1.00,1.00
2017.10.23 11:52:36.946,9.38382,9.38522,1.00,1.00
2017.10.23 11:52:37.048,9.38373,9.38513,1.00,1.00
2017.10.23 11:52:38.983,9.38373,9.38505,1.00,1.00
2017.10.23 11:52:39.624,9.38373,9.38496,1.00,1.00
2017.10.23 11:52:39.675,9.38362,9.38496,1.00,1.00
2017.10.23 11:52:39.726,9.38362,9.38502,1.00,2.44
2017.10.23 11:52:39.777,9.38342,9.38482,1.00,1.00
2017.10.23 11:52:39.829,9.38342,9.3848,1.00,1.75
2017.10.23 11:52:39.880,9.3832,9.3846,1.00,1.00
2017.10.23 11:52:40.151,9.38329,9.38469,1.00,1.00
2017.10.23 11:52:41.364,9.38338,9.38478,1.00,1.00
2017.10.23 11:52:41.707,9.38338,9.38455,1.00,1.00
2017.10.23 11:52:42.062,9.38329,9.38455,1.00,1.00
2017.10.23 11:52:42.175,9.38339,9.38455,1.00,1.00
2017.10.23 11:52:45.038,9.38339,9.38479,1.00,1.00
2017.10.23 11:52:47.072,9.38349,9.3848,1.00,1.00
2017.10.23 11:52:47.123,9.38349,9.38489,1.35,1.00
2017.10.23 11:52:47.174,9.38379,9.38519,1.00,1.00
2017.10.23 11:52:47.481,9.38413,9.38553,1.00,1.00
2017.10.23 11:52:47.803,9.38422,9.38562,1.00,1.00
2017.10.23 11:52:49.300,9.38422,9.3856,1.00,1.00
2017.10.23 11:52:53.690,9.38417,9.38559,1.00,1.00
2017.10.23 11:52:59.111,9.38425,9.3856,1.00,1.00
2017.10.23 11:52:59.518,9.38418,9.38558,1.00,1.00
2017.10.23 11:52:59.671,9.38427,9.3856,1.00,1.00
2017.10.23 11:53:02.528,9.38427,9.38567,1.00,1.00
2017.10.23 11:53:02.868,9.38427,9.3856,1.00,1.00
2017.10.23 11:53:03.421,9.38427,9.38567,1.00,1.00
2017.10.23 11:53:03.624,9.38436,9.38576,1.00,1.00
2017.10.23 11:53:04.017,9.38446,9.3858,1.00,1.00
2017.10.23 11:53:05.521,9.38437,9.38577,1.00,1.00
2017.10.23 11:53:05.902,9.38455,9.38595,1.00,1.00
2017.10.23 11:53:06.498,9.38455,9.38585,1.00,1.00
2017.10.23 11:53:06.569,9.38455,9.38595,1.00,1.00
2017.10.23 11:53:12.313,9.38455,9.38585,1.00,1.00
2017.10.23 11:53:12.414,9.38424,9.38564,1.00,1.00
2017.10.23 11:53:12.516,9.38413,9.38553,1.00,1.00
2017.10.23 11:53:12.619,9.38402,9.38544,1.00,1.00
2017.10.23 11:53:12.721,9.38393,9.38535,1.00,1.00
2017.10.23 11:53:13.603,9.38398,9.38538,1.00,1.00
2017.10.23 11:53:14.348,9.38398,9.38536,1.00,1.00
2017.10.23 11:53:15.031,9.38398,9.38538,1.00,1.00
2017.10.23 11:53:15.133,9.38408,9.38548,1.00,1.00
2017.10.23 11:53:16.628,9.38397,9.38537,1.00,1.00
2017.10.23 11:53:16.933,9.38408,9.38548,1.00,1.00
2017.10.23 11:53:17.247,9.38428,9.38568,1.00,1.00
2017.10.23 11:53:18.431,9.38428,9.3856,1.00,1.00
2017.10.23 11:53:26.005,9.38428,9.38568,1.00,1.00
2017.10.23 11:53:27.654,9.38428,9.3856,1.00,1.00
2017.10.23 11:53:29.450,9.38428,9.38568,1.00,1.00
2017.10.23 11:53:30.842,9.38419,9.38559,1.00,1.00
2017.10.23 11:53:31.168,9.38411,9.38551,1.50,1.00
2017.10.23 11:53:31.525,9.3842,9.3856,1.00,1.00
2017.10.23 11:53:31.627,9.38429,9.38571,1.00,1.00
2017.10.23 11:53:33.659,9.38433,9.38573,1.00,1.00
2017.10.23 11:53:40.791,9.38433,9.3856,1.00,1.00
2017.10.23 11:53:40.843,9.38424,9.38564,1.00,1.00
2017.10.23 11:53:41.452,9.38432,9.38572,1.00,1.00
2017.10.23 11:53:42.965,9.38423,9.38563,1.00,1.00
2017.10.23 11:53:48.565,9.38434,9.38563,1.00,1.00
2017.10.23 11:53:48.715,9.38467,9.38607,1.00,1.00
2017.10.23 11:53:48.766,9.38478,9.38618,1.00,1.00
2017.10.23 11:53:49.071,9.38537,9.38677,1.00,1.00
2017.10.23 11:53:49.377,9.38546,9.38686,1.00,1.00
2017.10.23 11:53:49.785,9.38554,9.38686,1.00,1.00
2017.10.23 11:53:49.887,9.38572,9.38712,1.00,1.00
2017.10.23 11:53:51.323,9.38572,9.38666,1.00,1.50
2017.10.23 11:53:51.473,9.38518,9.3863,1.00,1.00
2017.10.23 11:53:51.524,9.3849,9.3863,1.00,1.00
2017.10.23 11:53:51.575,9.38463,9.38603,1.00,1.00
2017.10.23 11:53:51.880,9.38451,9.38591,1.00,1.00
2017.10.23 11:53:52.395,9.38452,9.38592,1.00,1.00
2017.10.23 11:53:52.700,9.38464,9.38604,1.00,1.00
2017.10.23 11:53:53.029,9.38473,9.38613,1.00,1.00
2017.10.23 11:53:53.696,9.38474,9.38614,1.00,1.00
2017.10.23 11:53:58.863,9.38474,9.38605,1.00,1.00
2017.10.23 11:54:03.493,9.38474,9.38614,1.00,1.00
2017.10.23 11:54:05.506,9.38482,9.38622,1.00,1.00
2017.10.23 11:54:08.997,9.38474,9.38614,1.00,1.00
2017.10.23 11:54:12.302,9.38483,9.38623,1.00,1.00
2017.10.23 11:54:13.640,9.3849,9.38625,1.00,1.00
2017.10.23 11:54:29.453,9.38499,9.38625,1.00,1.00
2017.10.23 11:54:33.077,9.38487,9.38625,1.00,1.00
2017.10.23 11:54:33.635,9.38491,9.38625,1.00,1.00
2017.10.23 11:54:39.464,9.385,9.38625,1.00,1.00
2017.10.23 11:54:39.768,9.38491,9.38625,1.00,1.00
2017.10.23 11:54:40.289,9.385,9.38625,1.00,1.00
2017.10.23 11:54:40.441,9.38491,9.38625,1.00,1.00
2017.10.23 11:54:40.746,9.385,9.38625,1.00,1.00
2017.10.23 11:54:40.995,9.38491,9.38625,1.00,1.00
2017.10.23 11:54:53.686,9.38487,9.38625,1.00,1.00
2017.10.23 11:55:03.680,9.38487,9.38629,1.00,1.00
2017.10.23 11:55:06.761,9.38478,9.38618,1.00,1.00
2017.10.23 11:55:09.643,9.38487,9.38627,1.00,1.00
2017.10.23 11:55:10.069,9.38477,9.38617,1.00,1.00
2017.10.23 11:55:11.358,9.38487,9.38627,1.00,1.00
2017.10.23 11:55:13.645,9.38484,9.38624,1.00,1.00
2017.10.23 11:55:18.353,9.38493,9.38633,1.00,1.00
2017.10.23 11:55:18.676,9.38484,9.38624,1.00,1.00
2017.10.23 11:55:19.464,9.38482,9.38622,1.00,1.00
2017.10.23 11:55:23.984,9.38471,9.38611,1.00,1.00
2017.10.23 11:55:24.759,9.38463,9.38603,1.00,1.00
2017.10.23 11:55:25.488,9.38473,9.38613,1.00,1.00
2017.10.23 11:55:25.793,9.38465,9.38605,1.00,1.00
2017.10.23 11:55:27.061,9.38474,9.38605,1.00,1.00
2017.10.23 11:55:27.163,9.38466,9.38605,1.00,1.00
2017.10.23 11:55:27.366,9.38475,9.38605,1.00,1.00
2017.10.23 11:55:29.138,9.38475,9.38615,1.00,1.00
2017.10.23 11:55:29.392,9.38467,9.38607,1.00,1.00
2017.10.23 11:55:29.902,9.38477,9.38617,1.00,1.00
2017.10.23 11:55:30.278,9.38475,9.38615,1.00,1.00
2017.10.23 11:55:32.744,9.38475,9.38605,1.00,1.00
2017.10.23 11:55:32.999,9.38467,9.38605,1.00,1.00
2017.10.23 11:55:33.683,9.38469,9.38605,1.00,1.00
2017.10.23 11:55:34.202,9.38469,9.38609,1.00,1.00
2017.10.23 11:55:34.253,9.38469,9.38605,1.00,1.00
2017.10.23 11:55:35.713,9.38469,9.38609,1.00,1.00
2017.10.23 11:55:36.631,9.38477,9.38619,1.00,1.00
2017.10.23 11:55:36.813,9.38467,9.38607,1.00,1.00
2017.10.23 11:55:38.189,9.38478,9.38618,1.00,1.00
2017.10.23 11:55:38.494,9.38467,9.38607,1.00,1.00
2017.10.23 11:55:38.920,9.38459,9.38599,1.00,1.00
2017.10.23 11:55:46.506,9.3847,9.38605,1.00,1.00
2017.10.23 11:55:46.903,9.38459,9.38599,1.00,1.00
2017.10.23 11:55:50.607,9.38469,9.38605,1.00,1.00
2017.10.23 11:55:50.710,9.38455,9.38595,1.00,1.00
2017.10.23 11:55:51.425,9.38446,9.38586,1.00,1.00
2017.10.23 11:55:53.632,9.38448,9.38588,1.00,1.00
2017.10.23 11:55:53.937,9.3844,9.3858,1.00,1.00
2017.10.23 11:55:57.721,9.38431,9.38571,1.00,1.00
2017.10.23 11:56:01.022,9.38422,9.38562,1.00,1.00
2017.10.23 11:56:02.530,9.3843,9.38565,1.00,1.00
2017.10.23 11:56:07.749,9.38422,9.38562,1.00,1.00
2017.10.23 11:56:13.655,9.38421,9.38561,1.00,1.00
2017.10.23 11:56:19.963,9.3843,9.3857,1.00,1.00
2017.10.23 11:56:23.200,9.38421,9.38561,1.00,1.00
2017.10.23 11:56:24.871,9.38431,9.38571,1.00,1.00
2017.10.23 11:56:25.198,9.38421,9.38563,1.00,1.00
2017.10.23 11:56:28.291,9.38432,9.38572,1.00,1.00
2017.10.23 11:56:32.609,9.38433,9.38573,1.00,1.00
2017.10.23 11:56:32.914,9.38423,9.38563,1.00,1.00
2017.10.23 11:56:33.681,9.38423,9.38565,1.00,1.00
2017.10.23 11:56:37.021,9.38434,9.38574,1.00,1.00
2017.10.23 11:56:43.042,9.38443,9.38583,1.00,1.00
2017.10.23 11:56:43.432,9.38431,9.38571,1.00,1.00
2017.10.23 11:56:43.737,9.38441,9.38581,1.00,1.00
2017.10.23 11:56:53.645,9.38442,9.38584,1.00,1.00
2017.10.23 11:57:02.444,9.3843,9.3857,1.00,1.00
2017.10.23 11:57:02.749,9.38448,9.38585,1.00,1.00
2017.10.23 11:57:04.550,9.38444,9.38585,1.00,1.00
2017.10.23 11:57:07.738,9.38456,9.38585,1.00,1.00
2017.10.23 11:57:09.408,9.38456,9.38596,1.00,1.00
2017.10.23 11:57:10.783,9.38442,9.38582,1.00,1.00
2017.10.23 11:57:11.089,9.38451,9.38591,1.00,1.00
2017.10.23 11:57:13.687,9.3845,9.3859,1.00,1.00
2017.10.23 11:57:17.270,9.38441,9.38581,1.00,1.00
2017.10.23 11:57:31.421,9.38433,9.38573,1.00,1.00
2017.10.23 11:57:33.694,9.3843,9.3857,1.00,1.00
2017.10.23 11:57:53.644,9.38434,9.38574,1.00,1.00
2017.10.23 11:57:58.265,9.38425,9.38565,1.00,1.00
2017.10.23 11:57:58.570,9.38434,9.38574,1.00,1.00
2017.10.23 11:58:01.540,9.38417,9.38557,1.00,1.00
2017.10.23 11:58:01.744,9.38427,9.38569,1.00,1.00
2017.10.23 11:58:13.680,9.38431,9.38571,1.00,1.00
2017.10.23 11:58:53.640,9.38434,9.38574,1.00,1.00
2017.10.23 11:59:01.071,9.38425,9.38565,1.00,1.00
2017.10.23 11:59:03.176,9.38434,9.38574,1.00,1.00
2017.10.23 11:59:03.491,9.38425,9.38565,1.00,1.00
2017.10.23 11:59:06.070,9.38473,9.38565,1.00,1.00
2017.10.23 11:59:06.174,9.38524,9.38636,1.00,1.00
2017.10.23 11:59:06.226,9.38534,9.38636,1.00,1.00
2017.10.23 11:59:06.278,9.38543,9.38656,1.00,1.00
2017.10.23 11:59:06.380,9.38543,9.38683,1.00,1.00
2017.10.23 11:59:06.483,9.38552,9.38692,1.00,1.00
2017.10.23 11:59:06.790,9.38573,9.38713,1.00,1.00
2017.10.23 11:59:06.943,9.3857,9.38712,1.00,1.00
2017.10.23 11:59:07.556,9.38563,9.38703,1.50,1.00
2017.10.23 11:59:07.925,9.38571,9.38711,1.00,1.00
2017.10.23 11:59:08.963,9.38571,9.38706,1.00,1.00
2017.10.23 11:59:11.283,9.38561,9.38701,1.00,1.00
2017.10.23 11:59:11.565,9.3857,9.38706,1.00,1.00
2017.10.23 11:59:13.695,9.38568,9.38706,1.00,1.00
2017.10.23 11:59:18.544,9.38568,9.38685,1.00,1.50
2017.10.23 11:59:18.595,9.38544,9.38684,1.00,1.00
2017.10.23 11:59:18.647,9.38544,9.38682,1.00,1.00
2017.10.23 11:59:18.698,9.38522,9.38662,1.00,1.00
2017.10.23 11:59:29.432,9.38547,9.3868,1.00,1.00
2017.10.23 11:59:29.483,9.38563,9.38703,1.00,1.00
2017.10.23 11:59:33.696,9.3856,9.387,1.00,1.00
2017.10.23 11:59:34.508,9.38568,9.387,1.00,1.00
2017.10.23 11:59:34.611,9.38586,9.38725,1.60,1.00
2017.10.23 11:59:34.662,9.38602,9.38725,1.00,1.00
2017.10.23 11:59:34.713,9.38615,9.38755,1.00,1.00
2017.10.23 11:59:34.866,9.38617,9.38755,1.00,1.00
2017.10.23 11:59:35.172,9.38674,9.38812,1.60,1.00
2017.10.23 11:59:35.223,9.38693,9.38833,1.00,1.00
2017.10.23 11:59:35.534,9.38693,9.38833,1.60,1.00
2017.10.23 11:59:35.586,9.38693,9.38833,1.00,1.00
2017.10.23 11:59:35.689,9.38703,9.38843,1.00,1.00
2017.10.23 11:59:35.995,9.38694,9.38834,1.00,1.00
2017.10.23 11:59:37.274,9.38694,9.38829,1.00,1.00
2017.10.23 11:59:37.325,9.38669,9.38809,1.00,1.00
2017.10.23 11:59:37.427,9.38657,9.38799,1.00,1.00
2017.10.23 11:59:37.530,9.38648,9.38788,1.00,1.00
2017.10.23 11:59:37.733,9.38611,9.38753,1.00,1.00
2017.10.23 11:59:39.325,9.38616,9.38756,1.00,1.00
2017.10.23 11:59:39.633,9.38546,9.38686,1.00,1.00
2017.10.23 11:59:40.447,9.38555,9.38695,1.00,1.00
2017.10.23 11:59:53.671,9.38552,9.38692,1.00,1.00
2017.10.23 11:59:55.179,9.38561,9.38701,1.00,1.00
2017.10.23 11:59:59.583,9.38552,9.38692,1.00,1.00
