2009.07.02 07:00:26.497,8.9595,8.9648,6.00,1.20
2009.07.02 07:00:26.847,8.9595,8.96465,1.20,1.20
2009.07.02 07:00:27.187,8.95655,8.9637,1.00,1.20
2009.07.02 07:00:27.537,8.95655,8.96325,1.00,1.20
2009.07.02 07:00:27.897,8.9561,8.96325,1.00,1.20
2009.07.02 07:00:28.637,8.95625,8.9629,1.00,1.20
2009.07.02 07:00:29.047,8.95615,8.9629,1.00,1.20
2009.07.02 07:00:29.406,8.9561,8.9629,1.00,1.20
2009.07.02 07:00:29.856,8.95605,8.96285,1.00,1.20
2009.07.02 07:00:30.086,8.95605,8.9628,1.00,1.20
2009.07.02 07:00:34.855,8.9586,8.9628,1.60,1.20
2009.07.02 07:00:35.195,8.9599,8.9628,1.00,1.20
2009.07.02 07:00:35.665,8.9601,8.96525,2.40,1.20
2009.07.02 07:00:35.955,8.9605,8.96595,2.40,5.40
2009.07.02 07:00:36.255,8.95775,8.9653,1.00,1.20
2009.07.02 07:00:36.755,8.9567,8.96405,1.00,1.20
2009.07.02 07:00:37.345,8.95655,8.9635,1.00,1.20
2009.07.02 07:00:38.074,8.9563,8.96305,1.00,1.20
2009.07.02 07:00:39.224,8.95615,8.9629,1.00,1.20
2009.07.02 07:00:40.664,8.95315,8.96065,1.00,1.20
2009.07.02 07:00:41.403,8.95265,8.96015,1.00,1.20
2009.07.02 07:00:43.703,8.95185,8.95895,1.00,1.20
2009.07.02 07:00:44.733,8.95205,8.958,1.00,1.20
2009.07.02 07:00:44.973,8.9506,8.9575,1.00,1.20
2009.07.02 07:00:48.362,8.94945,8.9575,1.00,1.20
2009.07.02 07:00:48.882,8.94945,8.9566,1.00,1.20
2009.07.02 07:00:48.992,8.9489,8.9566,1.00,1.20
2009.07.02 07:00:49.172,8.9489,8.95605,1.00,1.20
2009.07.02 07:00:50.301,8.94905,8.95585,1.00,1.20
2009.07.02 07:00:50.411,8.94905,8.95575,1.00,1.20
2009.07.02 07:00:56.540,8.9491,8.9559,1.00,1.20
2009.07.02 07:00:58.290,8.9493,8.95585,1.00,1.20
2009.07.02 07:00:58.640,8.9493,8.9561,1.00,1.20
2009.07.02 07:00:59.040,8.94945,8.95605,1.00,1.20
2009.07.02 07:00:59.329,8.94945,8.9562,1.00,1.20
2009.07.02 07:00:59.999,8.94945,8.9562,1.00,1.20
2009.07.02 07:01:00.339,8.9495,8.9562,1.00,1.20
2009.07.02 07:01:01.239,8.9495,8.9563,1.00,1.20
2009.07.02 07:01:02.439,8.94955,8.95625,1.00,1.20
2009.07.02 07:01:16.765,8.9476,8.95435,1.00,1.20
2009.07.02 07:01:41.009,8.9478,8.9527,1.00,1.60
2009.07.02 07:01:41.349,8.9451,8.9485,5.80,4.40
2009.07.02 07:01:41.789,8.9451,8.947,5.80,1.00
2009.07.02 07:01:42.009,8.9471,8.9544,1.00,1.20
2009.07.02 07:01:42.699,8.9474,8.95435,1.00,1.20
2009.07.02 07:01:48.897,8.94855,8.95335,1.00,1.20
2009.07.02 07:01:49.407,8.94855,8.9526,1.00,1.20
2009.07.02 07:02:00.225,8.9478,8.95205,1.00,1.20
2009.07.02 07:02:01.734,8.94865,8.95555,1.00,3.20
2009.07.02 07:02:01.784,8.94865,8.95585,1.00,1.20
2009.07.02 07:02:02.704,8.9491,8.95585,1.00,3.00
2009.07.02 07:02:03.694,8.9493,8.95585,1.00,1.80
2009.07.02 07:02:04.044,8.94945,8.95585,1.00,1.80
2009.07.02 07:02:07.683,8.9495,8.95585,1.00,1.80
2009.07.02 07:02:10.172,8.94955,8.95585,1.00,1.80
2009.07.02 07:02:11.832,8.94955,8.9563,1.00,1.20
2009.07.02 07:02:12.172,8.94955,8.95575,1.00,1.20
2009.07.02 07:02:15.221,8.9481,8.95425,1.00,1.20
2009.07.02 07:02:15.491,8.9491,8.95435,1.00,1.20
2009.07.02 07:02:21.020,8.9502,8.9576,1.00,1.20
2009.07.02 07:02:21.700,8.95075,8.95755,1.00,1.20
2009.07.02 07:02:22.160,8.95125,8.9573,1.00,1.20
2009.07.02 07:02:22.789,8.9513,8.9573,1.00,1.20
2009.07.02 07:02:23.879,8.95205,8.9577,1.00,1.20
2009.07.02 07:02:27.318,8.95205,8.9579,1.00,1.20
2009.07.02 07:02:27.548,8.95205,8.957,1.00,1.20
2009.07.02 07:02:30.238,8.9528,8.9568,1.00,1.20
2009.07.02 07:02:30.477,8.9528,8.95595,1.00,1.20
2009.07.02 07:02:30.867,8.9513,8.9557,1.00,1.60
2009.07.02 07:02:30.987,8.9508,8.9557,2.40,2.80
2009.07.02 07:02:36.656,8.951,8.9534,2.40,4.40
2009.07.02 07:02:37.065,8.9493,8.9534,5.80,4.40
2009.07.02 07:02:44.724,8.95,8.9526,2.40,1.20
2009.07.02 07:02:45.114,8.95,8.9526,1.00,1.20
2009.07.02 07:02:45.624,8.9495,8.9526,5.80,1.20
2009.07.02 07:02:47.134,8.9495,8.9524,4.80,1.20
2009.07.02 07:02:47.643,8.94735,8.9524,1.00,1.20
2009.07.02 07:02:51.942,8.94755,8.9529,1.00,1.20
2009.07.02 07:02:52.062,8.9486,8.95485,1.00,1.20
2009.07.02 07:02:58.381,8.94905,8.95515,1.00,1.20
2009.07.02 07:02:59.410,8.94785,8.9551,1.00,1.20
2009.07.02 07:02:59.700,8.94785,8.95475,1.00,1.20
2009.07.02 07:03:01.790,8.9491,8.95475,1.20,1.20
2009.07.02 07:03:02.150,8.9496,8.95515,1.00,1.20
2009.07.02 07:03:23.615,8.949,8.9542,4.20,2.80
2009.07.02 07:03:29.024,8.949,8.9527,4.20,2.80
2009.07.02 07:03:56.287,8.9459,8.9519,1.00,1.20
2009.07.02 07:03:59.956,8.9463,8.9524,1.00,1.00
2009.07.02 07:04:00.306,8.94705,8.95315,1.00,1.20
2009.07.02 07:04:28.279,8.94785,8.9547,1.00,1.20
2009.07.02 07:05:02.501,8.9483,8.955,1.00,1.20
2009.07.02 07:05:06.160,8.9488,8.95515,1.00,1.20
2009.07.02 07:05:17.767,8.94905,8.9551,1.00,1.20
2009.07.02 07:05:24.965,8.94765,8.9534,1.20,7.00
2009.07.02 07:05:29.794,8.9479,8.953,1.20,7.00
2009.07.02 07:05:30.124,8.94955,8.9526,1.20,1.20
2009.07.02 07:05:30.404,8.9498,8.9526,4.20,1.20
2009.07.02 07:05:40.212,8.95,8.9517,4.20,1.60
2009.07.02 07:05:40.561,8.95,8.9517,4.20,2.80
2009.07.02 07:05:42.411,8.9471,8.9515,3.60,2.80
2009.07.02 07:05:50.729,8.9475,8.9515,2.40,2.80
2009.07.02 07:05:51.029,8.947,8.9506,2.40,1.20
2009.07.02 07:05:52.688,8.9475,8.95105,1.20,1.20
2009.07.02 07:05:58.327,8.9475,8.95275,1.20,1.20
2009.07.02 07:06:08.425,8.9468,8.9525,1.00,1.20
2009.07.02 07:06:48.445,8.9468,8.9509,1.00,2.80
2009.07.02 07:06:48.565,8.9465,8.9509,1.20,2.80
2009.07.02 07:06:50.664,8.946,8.9504,3.60,1.20
2009.07.02 07:06:50.894,8.946,8.94795,1.20,1.20
2009.07.02 07:06:51.074,8.9455,8.9474,2.40,2.80
2009.07.02 07:06:52.594,8.9452,8.947,1.60,2.80
2009.07.02 07:06:52.814,8.945,8.947,3.60,2.80
2009.07.02 07:06:52.924,8.945,8.947,2.40,2.80
2009.07.02 07:06:54.385,8.9445,8.947,17.00,2.80
2009.07.02 07:06:59.323,8.93965,8.94675,1.00,1.20
2009.07.02 07:06:59.772,8.9396,8.94675,2.40,1.20
2009.07.02 07:06:59.882,8.9396,8.9457,2.40,1.20
2009.07.02 07:07:04.111,8.9426,8.9455,1.60,1.20
2009.07.02 07:07:04.231,8.94385,8.9455,1.20,1.20
2009.07.02 07:07:04.402,8.9441,8.94725,1.00,2.80
2009.07.02 07:07:04.621,8.9441,8.9472,2.40,2.80
2009.07.02 07:07:04.971,8.9441,8.9472,1.00,3.80
2009.07.02 07:07:05.091,8.9399,8.94695,3.20,1.20
2009.07.02 07:07:05.441,8.93965,8.9457,1.00,1.20
2009.07.02 07:07:05.681,8.9384,8.9457,3.00,1.20
2009.07.02 07:07:18.108,8.9411,8.94675,1.00,1.20
2009.07.02 07:07:39.373,8.9413,8.9449,1.00,2.80
2009.07.02 07:07:39.593,8.9412,8.9449,1.20,2.80
2009.07.02 07:07:42.892,8.941,8.9444,2.40,1.20
2009.07.02 07:07:43.232,8.93745,8.9444,4.40,1.20
2009.07.02 07:07:43.412,8.93745,8.9444,1.20,1.20
2009.07.02 07:07:47.421,8.93785,8.94435,1.20,1.00
2009.07.02 07:07:47.541,8.93785,8.94435,1.20,1.00
2009.07.02 07:07:59.688,8.937,8.9427,2.60,3.80
2009.07.02 07:08:22.363,8.937,8.94235,2.60,1.00
2009.07.02 07:08:22.482,8.937,8.94235,2.60,1.20
2009.07.02 07:08:24.342,8.937,8.94235,1.20,1.20
2009.07.02 07:09:01.233,8.937,8.94235,2.60,1.20
2009.07.02 07:09:04.932,8.937,8.94235,1.20,1.20
2009.07.02 07:09:05.402,8.937,8.9417,1.20,1.20
2009.07.02 07:09:05.692,8.93705,8.94215,1.00,1.20
2009.07.02 07:09:42.243,8.9375,8.9421,1.20,1.20
2009.07.02 07:10:28.372,8.9375,8.94235,1.20,1.20
2009.07.02 07:10:42.659,8.937,8.9423,1.60,1.20
2009.07.02 07:10:42.769,8.9365,8.9384,1.60,2.80
2009.07.02 07:10:42.829,8.9365,8.93925,1.60,1.60
2009.07.02 07:10:43.299,8.93705,8.94275,1.00,1.20
2009.07.02 07:10:43.528,8.93705,8.9431,1.00,1.20
2009.07.02 07:10:43.819,8.9386,8.94435,1.00,1.20
2009.07.02 07:10:46.548,8.9388,8.94405,1.00,1.20
2009.07.02 07:10:46.838,8.93855,8.94405,1.00,1.20
2009.07.02 07:10:49.067,8.93855,8.9432,1.00,1.60
2009.07.02 07:10:49.357,8.9361,8.939,2.40,2.80
2009.07.02 07:10:51.687,8.9365,8.938,1.60,2.80
2009.07.02 07:10:52.046,8.9365,8.94135,1.60,1.20
2009.07.02 07:10:52.376,8.9365,8.94205,1.60,2.80
2009.07.02 07:10:52.496,8.9373,8.94325,1.00,2.20
2009.07.02 07:10:56.346,8.9365,8.9384,2.40,2.80
2009.07.02 07:10:56.686,8.93575,8.94145,1.20,1.20
2009.07.02 07:10:58.615,8.935,8.941,1.20,1.20
2009.07.02 07:10:59.574,8.9369,8.9392,1.00,1.60
2009.07.02 07:11:04.963,8.9373,8.9412,1.00,1.20
2009.07.02 07:11:05.183,8.9365,8.9412,2.40,1.20
2009.07.02 07:11:05.463,8.9381,8.941,1.00,3.20
2009.07.02 07:11:05.513,8.9381,8.94,1.00,3.20
2009.07.02 07:11:06.383,8.9385,8.939,1.00,3.20
2009.07.02 07:11:08.652,8.9385,8.9388,1.00,3.20
2009.07.02 07:11:08.822,8.9361,8.9388,2.40,3.20
2009.07.02 07:11:15.331,8.937,8.9388,1.20,3.20
2009.07.02 07:11:15.671,8.9373,8.94325,1.00,1.20
2009.07.02 07:11:22.839,8.9373,8.94015,1.00,1.20
2009.07.02 07:11:23.049,8.9365,8.9399,1.60,1.20
2009.07.02 07:11:23.169,8.9353,8.9399,4.00,4.40
2009.07.02 07:11:32.575,8.9355,8.9395,1.60,4.40
2009.07.02 07:12:30.231,8.937,8.9393,2.40,1.20
2009.07.02 07:12:32.620,8.937,8.93965,2.40,1.20
2009.07.02 07:12:34.700,8.937,8.9396,1.60,1.20
2009.07.02 07:12:34.990,8.9358,8.9396,3.60,1.20
2009.07.02 07:12:44.138,8.9368,8.93955,1.00,1.20
2009.07.02 07:12:44.658,8.93655,8.94225,1.00,1.20
2009.07.02 07:12:45.187,8.937,8.9422,1.00,1.20
2009.07.02 07:12:45.358,8.937,8.9422,2.40,1.20
2009.07.02 07:12:45.537,8.937,8.942,2.40,1.20
2009.07.02 07:12:53.185,8.937,8.9418,2.40,1.20
2009.07.02 07:13:10.091,8.9375,8.9418,1.00,1.20
2009.07.02 07:13:10.331,8.9375,8.9418,1.00,1.20
2009.07.02 07:13:15.400,8.9375,8.9415,2.80,1.20
2009.07.02 07:13:15.740,8.9375,8.9415,4.40,1.20
2009.07.02 07:13:27.357,8.9375,8.9407,4.40,4.40
2009.07.02 07:14:37.970,8.9383,8.94,1.60,1.60
2009.07.02 07:14:38.030,8.9383,8.94,2.40,2.80
2009.07.02 07:14:55.896,8.9373,8.9392,1.00,2.80
2009.07.02 07:14:56.336,8.9346,8.9392,1.20,2.80
2009.07.02 07:15:02.884,8.935,8.9385,3.60,1.20
2009.07.02 07:15:10.712,8.9355,8.93875,2.40,1.20
2009.07.02 07:15:32.237,8.9355,8.9377,2.40,2.80
2009.07.02 07:15:36.267,8.936,8.937,4.20,2.80
2009.07.02 07:15:38.366,8.936,8.937,1.00,1.20
2009.07.02 07:15:38.886,8.9348,8.93755,2.40,2.80
2009.07.02 07:16:00.610,8.935,8.93805,2.40,3.80
2009.07.02 07:16:07.139,8.935,8.938,2.40,2.80
2009.07.02 07:16:11.517,8.9352,8.938,1.20,2.80
2009.07.02 07:16:11.797,8.9352,8.93925,1.20,3.80
2009.07.02 07:16:22.265,8.9345,8.939,1.60,3.80
2009.07.02 07:16:22.385,8.9352,8.939,1.20,3.80
2009.07.02 07:16:22.565,8.93575,8.939,1.20,2.80
2009.07.02 07:16:22.625,8.936,8.939,2.40,2.80
2009.07.02 07:17:07.664,8.9348,8.939,4.00,2.80
2009.07.02 07:17:08.004,8.93605,8.939,1.20,2.80
2009.07.02 07:17:08.124,8.9363,8.939,2.40,2.80
2009.07.02 07:17:13.113,8.9365,8.94075,2.40,5.40
2009.07.02 07:17:19.232,8.9372,8.94085,1.20,3.20
2009.07.02 07:17:19.641,8.9372,8.94275,1.20,5.40
2009.07.02 07:17:22.660,8.9372,8.9409,1.20,2.80
2009.07.02 07:17:23.520,8.9367,8.9409,1.20,2.80
2009.07.02 07:17:33.458,8.9367,8.9405,1.20,3.80
2009.07.02 07:17:34.627,8.9369,8.9405,1.20,2.80
2009.07.02 07:18:17.899,8.936,8.9405,1.60,2.80
2009.07.02 07:18:18.007,8.9369,8.9405,1.20,2.80
2009.07.02 07:18:32.024,8.9372,8.94205,1.20,1.20
2009.07.02 07:21:07.846,8.93725,8.94205,1.20,1.20
2009.07.02 07:21:08.006,8.9375,8.94255,2.40,4.40
2009.07.02 07:21:10.295,8.9394,8.9425,1.60,4.40
2009.07.02 07:21:10.696,8.9411,8.94305,2.40,2.80
2009.07.02 07:21:16.045,8.9426,8.9455,1.20,2.80
2009.07.02 07:21:28.401,8.9425,8.9455,1.20,2.80
2009.07.02 07:21:31.091,8.9424,8.9455,1.20,2.80
2009.07.02 07:21:31.420,8.9425,8.9455,2.40,2.80
2009.07.02 07:21:32.300,8.9425,8.9455,1.20,2.80
2009.07.02 07:21:47.077,8.9424,8.9455,1.20,1.60
2009.07.02 07:21:47.317,8.9424,8.94605,1.20,2.80
2009.07.02 07:22:06.672,8.94215,8.946,1.20,2.80
2009.07.02 07:22:06.732,8.94345,8.946,1.00,2.80
2009.07.02 07:22:06.842,8.94345,8.94775,1.00,8.00
2009.07.02 07:22:07.172,8.94465,8.9496,1.00,3.20
2009.07.02 07:22:07.512,8.94525,8.95085,1.00,3.20
2009.07.02 07:22:09.162,8.94575,8.9506,1.00,3.20
2009.07.02 07:22:10.581,8.94575,8.9507,1.00,3.20
2009.07.02 07:22:11.161,8.9459,8.95065,1.00,3.20
2009.07.02 07:22:11.691,8.94595,8.95065,1.00,3.20
2009.07.02 07:22:14.930,8.946,8.95065,1.00,3.20
2009.07.02 07:22:15.150,8.946,8.95,1.00,1.00
2009.07.02 07:22:17.409,8.94605,8.95,1.00,1.00
2009.07.02 07:22:56.790,8.94455,8.95,1.00,1.00
2009.07.02 07:22:57.120,8.94335,8.9492,1.00,1.20
2009.07.02 07:23:19.884,8.9421,8.949,1.00,1.20
2009.07.02 07:23:20.524,8.9421,8.94855,1.00,3.20
2009.07.02 07:23:21.634,8.94165,8.94855,1.00,3.20
2009.07.02 07:23:22.144,8.94165,8.9484,1.00,1.20
2009.07.02 07:23:23.103,8.94135,8.9484,1.00,1.20
2009.07.02 07:23:23.264,8.94135,8.9481,1.00,1.20
2009.07.02 07:23:24.963,8.9412,8.9481,1.00,1.20
2009.07.02 07:23:25.323,8.9412,8.94795,1.00,1.20
2009.07.02 07:23:26.633,8.9411,8.94795,1.00,1.20
2009.07.02 07:23:26.863,8.9411,8.94785,1.00,1.20
2009.07.02 07:23:27.093,8.9415,8.94785,2.00,1.20
2009.07.02 07:23:27.332,8.9415,8.94785,3.60,1.20
2009.07.02 07:23:27.603,8.9431,8.9495,1.00,1.20
2009.07.02 07:24:04.064,8.9433,8.9492,1.00,1.80
2009.07.02 07:24:04.484,8.942,8.9469,1.20,2.80
2009.07.02 07:24:07.893,8.9431,8.94935,1.00,1.20
2009.07.02 07:24:09.172,8.942,8.9469,1.20,1.20
2009.07.02 07:24:09.412,8.942,8.9469,1.20,2.80
2009.07.02 07:24:10.112,8.9431,8.94975,1.00,1.20
2009.07.02 07:24:10.742,8.94335,8.95015,1.00,1.20
2009.07.02 07:24:13.601,8.942,8.9479,1.20,3.80
2009.07.02 07:24:34.466,8.94315,8.9455,1.00,2.80
2009.07.02 07:24:34.766,8.94315,8.95,1.00,1.20
2009.07.02 07:24:36.166,8.94355,8.94955,1.00,1.20
2009.07.02 07:24:38.106,8.9433,8.94955,1.00,1.20
2009.07.02 07:24:38.336,8.9433,8.94965,1.00,1.20
2009.07.02 07:25:21.616,8.94355,8.9498,1.00,1.20
2009.07.02 07:26:21.980,8.9423,8.94975,1.20,1.20
2009.07.02 07:26:26.519,8.9446,8.95005,1.20,1.00
2009.07.02 07:26:44.455,8.9445,8.95,1.60,1.00
2009.07.02 07:26:44.805,8.9452,8.9487,1.20,4.40
2009.07.02 07:26:52.863,8.9452,8.9485,1.20,2.80
2009.07.02 07:28:00.737,8.945,8.95,1.20,1.00
2009.07.02 07:28:05.686,8.9458,8.95,1.60,1.00
2009.07.02 07:28:06.145,8.9473,8.95,2.40,1.00
2009.07.02 07:29:15.828,8.9467,8.95,1.20,1.00
2009.07.02 07:29:40.713,8.9465,8.95,2.40,1.00
2009.07.02 07:29:42.272,8.94665,8.95,1.00,1.00
2009.07.02 07:29:42.502,8.94665,8.95,1.20,1.00
2009.07.02 07:29:42.672,8.946,8.95,1.60,1.00
2009.07.02 07:29:43.022,8.94775,8.95,1.00,1.00
2009.07.02 07:29:43.692,8.94865,8.95,1.00,1.00
2009.07.02 07:30:23.432,8.9498,8.95,1.00,1.00
2009.07.02 07:30:23.772,8.95015,8.95795,1.00,1.20
2009.07.02 07:30:24.792,8.9505,8.9571,1.60,1.20
2009.07.02 07:30:25.132,8.9505,8.95725,1.60,1.20
2009.07.02 07:30:26.092,8.9546,8.95725,1.60,1.20
2009.07.02 07:30:28.561,8.95665,8.9638,8.00,1.20
2009.07.02 07:30:28.861,8.9586,8.96375,1.60,1.20
2009.07.02 07:30:28.921,8.9591,8.9658,1.60,1.20
2009.07.02 07:30:29.961,8.959,8.9654,1.60,1.20
2009.07.02 07:30:30.611,8.9595,8.96535,1.60,1.20
2009.07.02 07:30:30.841,8.959,8.96535,1.60,1.20
2009.07.02 07:30:32.700,8.959,8.96555,1.60,1.20
2009.07.02 07:30:32.981,8.9595,8.9655,1.60,1.20
2009.07.02 07:30:33.330,8.959,8.9655,1.60,1.20
2009.07.02 07:30:34.500,8.96075,8.96835,1.00,1.20
2009.07.02 07:30:34.780,8.9611,8.9683,1.60,1.20
2009.07.02 07:30:35.290,8.96195,8.96955,1.00,1.20
2009.07.02 07:30:35.799,8.96235,8.96975,1.00,1.20
2009.07.02 07:30:36.079,8.96295,8.9697,1.00,1.20
2009.07.02 07:30:38.599,8.96325,8.96995,1.00,1.20
2009.07.02 07:30:39.378,8.9633,8.9699,1.00,1.20
2009.07.02 07:30:42.068,8.9633,8.97005,1.00,1.20
2009.07.02 07:30:43.477,8.9654,8.97205,1.00,3.20
2009.07.02 07:30:43.877,8.96675,8.97275,1.00,1.20
2009.07.02 07:30:44.217,8.9676,8.97415,1.60,1.20
2009.07.02 07:30:44.967,8.968,8.97485,1.60,1.20
2009.07.02 07:30:53.245,8.9682,8.975,1.00,1.20
2009.07.02 07:30:56.704,8.9693,8.9752,1.60,1.20
2009.07.02 07:30:56.884,8.97085,8.9782,1.00,1.20
2009.07.02 07:30:57.804,8.9721,8.97945,1.00,1.20
2009.07.02 07:31:02.513,8.9708,8.979,1.00,2.80
2009.07.02 07:31:02.793,8.9696,8.9759,2.00,2.80
2009.07.02 07:31:05.412,8.9698,8.9755,1.00,2.80
2009.07.02 07:31:05.822,8.96955,8.9755,1.00,2.80
2009.07.02 07:31:18.729,8.9698,8.9755,1.00,2.80
2009.07.02 07:31:19.129,8.9695,8.9755,2.40,2.80
2009.07.02 07:31:19.479,8.9695,8.97525,2.40,1.20
2009.07.02 07:31:27.357,8.9695,8.97525,1.60,1.20
2009.07.02 07:31:27.657,8.9692,8.975,1.20,1.20
2009.07.02 07:31:31.126,8.9695,8.975,1.20,1.20
2009.07.02 07:31:42.723,8.9683,8.975,2.80,1.20
2009.07.02 07:31:44.263,8.969,8.975,1.60,1.20
2009.07.02 07:31:46.392,8.97045,8.97785,1.00,1.20
2009.07.02 07:31:47.552,8.97165,8.97885,1.00,1.20
2009.07.02 07:31:48.102,8.97185,8.9788,1.00,1.20
2009.07.02 07:31:48.382,8.97185,8.979,1.00,1.20
2009.07.02 07:31:50.521,8.97205,8.979,1.00,1.20
2009.07.02 07:31:50.741,8.9723,8.979,1.00,1.20
2009.07.02 07:31:53.621,8.97085,8.97795,1.00,1.20
2009.07.02 07:31:58.649,8.97105,8.97615,1.00,1.20
2009.07.02 07:31:58.879,8.9698,8.97615,1.60,1.20
2009.07.02 07:31:58.999,8.9698,8.9759,1.60,9.20
2009.07.02 07:32:01.169,8.97,8.975,1.60,1.20
2009.07.02 07:32:02.159,8.97085,8.97795,1.00,1.20
2009.07.02 07:32:04.068,8.97105,8.97775,1.00,1.20
2009.07.02 07:32:05.908,8.97105,8.97615,1.00,1.20
2009.07.02 07:32:06.147,8.97105,8.9759,1.00,8.00
2009.07.02 07:32:06.257,8.9698,8.9759,1.60,9.20
2009.07.02 07:32:13.636,8.97085,8.97675,1.00,1.20
2009.07.02 07:32:13.936,8.97085,8.978,1.00,1.20
2009.07.02 07:32:30.522,8.9728,8.97775,1.60,1.20
2009.07.02 07:32:30.761,8.9743,8.97855,1.00,1.20
2009.07.02 07:32:30.921,8.9743,8.9785,2.40,1.20
2009.07.02 07:32:40.759,8.9745,8.9759,1.60,1.20
2009.07.02 07:32:40.989,8.9696,8.9759,1.60,4.40
2009.07.02 07:32:47.208,8.97,8.97445,1.60,1.60
2009.07.02 07:32:47.488,8.97,8.97445,1.20,1.60
2009.07.02 07:32:47.668,8.96585,8.97065,1.20,1.20
2009.07.02 07:32:48.287,8.9656,8.97065,1.60,1.20
2009.07.02 07:32:48.517,8.9656,8.9712,1.60,1.20
2009.07.02 07:32:51.466,8.9665,8.9705,1.60,1.20
2009.07.02 07:32:51.746,8.9648,8.9705,1.60,4.40
2009.07.02 07:32:54.086,8.9642,8.96965,1.60,1.20
2009.07.02 07:32:54.386,8.9627,8.96965,1.00,1.20
2009.07.02 07:32:55.006,8.9627,8.969,1.00,1.20
2009.07.02 07:32:55.126,8.9621,8.969,1.00,1.20
2009.07.02 07:32:55.426,8.96165,8.969,1.00,1.20
2009.07.02 07:32:55.886,8.96165,8.9684,1.00,1.20
2009.07.02 07:32:56.346,8.9623,8.9681,1.00,1.20
2009.07.02 07:32:56.636,8.9623,8.96905,1.00,1.20
2009.07.02 07:33:13.132,8.96085,8.969,1.00,1.20
2009.07.02 07:33:13.481,8.96085,8.96795,1.00,1.20
2009.07.02 07:33:19.040,8.961,8.96775,1.00,1.20
2009.07.02 07:33:19.200,8.962,8.96915,1.00,1.20
2009.07.02 07:33:52.382,8.9625,8.9689,1.60,1.20
2009.07.02 07:33:52.602,8.9625,8.9689,2.80,1.20
2009.07.02 07:33:52.772,8.9635,8.97055,1.00,4.40
2009.07.02 07:33:53.122,8.9635,8.9705,1.00,2.80
2009.07.02 07:34:04.209,8.9638,8.9703,1.00,1.20
2009.07.02 07:34:04.499,8.9638,8.97055,1.00,5.40
2009.07.02 07:34:08.398,8.9638,8.97,1.00,1.20
2009.07.02 07:34:10.108,8.9637,8.97,1.00,1.20
2009.07.02 07:34:19.346,8.96235,8.9692,1.00,1.20
2009.07.02 07:34:19.585,8.96205,8.9692,1.00,1.20
2009.07.02 07:34:19.926,8.96205,8.9691,1.00,1.20
2009.07.02 07:34:20.155,8.962,8.9691,1.00,1.20
2009.07.02 07:34:36.061,8.9607,8.96615,1.00,1.20
2009.07.02 07:34:36.471,8.9598,8.9659,1.20,2.80
2009.07.02 07:34:36.981,8.9603,8.9659,1.60,2.80
2009.07.02 07:34:37.631,8.9618,8.9655,2.40,2.80
2009.07.02 07:34:51.538,8.96325,8.9655,1.00,1.60
2009.07.02 07:34:51.878,8.96325,8.97025,1.00,1.20
2009.07.02 07:35:04.934,8.96345,8.9696,1.00,1.20
2009.07.02 07:35:07.884,8.962,8.9689,1.00,1.20
2009.07.02 07:35:08.174,8.96325,8.96965,1.00,1.20
2009.07.02 07:35:11.493,8.96195,8.96615,1.00,1.20
2009.07.02 07:35:11.783,8.9618,8.9659,1.60,2.80
2009.07.02 07:35:12.073,8.9594,8.9659,1.00,2.80
2009.07.02 07:35:16.042,8.96145,8.9655,1.00,2.80
2009.07.02 07:35:16.442,8.96145,8.96885,1.00,1.20
2009.07.02 07:35:19.331,8.9622,8.96895,1.00,1.20
2009.07.02 07:35:29.439,8.9622,8.96615,1.00,1.20
2009.07.02 07:35:29.719,8.9594,8.9659,1.00,2.80
2009.07.02 07:35:33.588,8.9598,8.96535,1.00,1.20
2009.07.02 07:35:38.107,8.9595,8.96535,8.80,1.20
2009.07.02 07:35:38.506,8.9595,8.9644,7.40,1.20
2009.07.02 07:35:45.445,8.9595,8.9644,8.80,1.20
2009.07.02 07:35:45.624,8.9595,8.9644,1.60,1.20
2009.07.02 07:35:47.734,8.9595,8.9636,7.40,1.20
2009.07.02 07:35:47.964,8.95675,8.9636,1.00,1.20
2009.07.02 07:35:48.364,8.9557,8.96305,1.00,1.20
2009.07.02 07:35:48.664,8.9554,8.9627,1.00,1.20
2009.07.02 07:35:52.353,8.95615,8.96295,1.00,1.20
2009.07.02 07:35:53.143,8.95615,8.96305,1.00,1.20
2009.07.02 07:35:53.493,8.9563,8.963,1.00,1.20
2009.07.02 07:36:04.570,8.9598,8.9644,1.60,1.20
2009.07.02 07:36:06.270,8.96,8.96575,1.60,2.80
2009.07.02 07:36:10.789,8.96,8.9655,1.20,2.80
2009.07.02 07:36:11.849,8.96,8.9646,1.20,1.20
2009.07.02 07:36:42.461,8.96,8.9644,1.60,1.20
2009.07.02 07:37:41.977,8.9605,8.96495,1.20,1.20
2009.07.02 07:37:48.135,8.9616,8.9659,1.00,1.00
2009.07.02 07:37:48.485,8.9618,8.9685,1.60,3.20
2009.07.02 07:37:48.835,8.9618,8.96895,1.60,1.20
2009.07.02 07:37:49.365,8.962,8.96765,1.60,1.20
2009.07.02 07:37:49.665,8.96035,8.967,1.00,2.80
2009.07.02 07:37:56.083,8.96185,8.967,1.00,2.80
2009.07.02 07:37:56.473,8.96185,8.969,1.00,1.20
2009.07.02 07:37:56.694,8.962,8.96895,1.00,1.20
2009.07.02 07:37:56.873,8.962,8.96915,1.00,1.20
2009.07.02 07:38:06.711,8.9623,8.969,1.00,1.20
2009.07.02 07:38:36.094,8.9625,8.969,1.60,1.20
2009.07.02 07:38:36.384,8.9633,8.96925,1.60,1.20
2009.07.02 07:38:39.823,8.9635,8.9692,2.20,1.20
2009.07.02 07:39:04.917,8.96345,8.9692,1.00,1.20
2009.07.02 07:39:11.665,8.9635,8.9692,1.00,1.20
2009.07.02 07:39:27.291,8.9623,8.9677,1.60,4.40
2009.07.02 07:39:40.218,8.9625,8.9666,1.60,1.20
2009.07.02 07:40:55.430,8.9633,8.9674,1.60,1.00
2009.07.02 07:40:55.720,8.9633,8.96985,1.60,1.20
2009.07.02 07:40:58.560,8.9635,8.96875,1.60,1.20
2009.07.02 07:40:58.899,8.9635,8.9685,1.60,2.80
2009.07.02 07:40:59.129,8.963,8.9685,1.20,2.80
2009.07.02 07:41:20.874,8.9625,8.9677,1.60,4.40
2009.07.02 07:42:05.553,8.9628,8.96815,1.00,1.20
2009.07.02 07:42:40.735,8.96345,8.9689,1.00,1.20
2009.07.02 07:42:41.125,8.96345,8.96945,1.00,1.20
2009.07.02 07:42:41.774,8.9633,8.9694,1.00,1.20
2009.07.02 07:42:51.702,8.96355,8.96985,1.00,1.20
2009.07.02 07:43:00.010,8.9648,8.9698,1.20,1.20
2009.07.02 07:43:03.359,8.9648,8.9698,1.00,1.20
2009.07.02 07:43:16.046,8.9647,8.9698,1.00,1.20
2009.07.02 07:43:35.652,8.9645,8.96925,4.20,1.20
2009.07.02 07:43:35.951,8.9645,8.969,4.20,2.80
2009.07.02 07:43:44.999,8.9645,8.9688,2.40,1.20
2009.07.02 07:43:55.567,8.9645,8.9688,1.60,1.20
2009.07.02 07:43:56.017,8.96405,8.9688,1.00,1.20
2009.07.02 07:43:58.606,8.96285,8.9688,1.00,1.20
2009.07.02 07:44:17.511,8.9638,8.9688,1.00,1.20
2009.07.02 07:44:36.387,8.9638,8.9686,1.00,1.20
2009.07.02 07:44:44.585,8.96235,8.9686,1.00,1.20
2009.07.02 07:44:56.192,8.9618,8.9685,1.00,1.20
2009.07.02 07:44:57.272,8.9618,8.9682,1.00,1.20
2009.07.02 07:45:00.681,8.96155,8.9678,1.00,1.20
2009.07.02 07:45:03.690,8.9608,8.9675,1.00,1.20
2009.07.02 07:45:05.460,8.9604,8.96715,1.00,1.20
2009.07.02 07:45:06.999,8.9602,8.96715,1.00,1.20
2009.07.02 07:45:07.339,8.9602,8.96695,1.00,1.20
2009.07.02 07:45:08.729,8.96015,8.96695,1.00,1.20
2009.07.02 07:45:08.969,8.96015,8.96685,1.00,1.20
2009.07.02 07:45:09.569,8.9601,8.9668,1.00,1.20
2009.07.02 07:45:10.199,8.96005,8.9668,1.00,1.20
2009.07.02 07:45:32.323,8.9611,8.96765,1.00,1.20
2009.07.02 07:45:42.019,8.9608,8.9676,1.00,1.20
2009.07.02 07:45:42.239,8.9608,8.9675,1.00,1.20
2009.07.02 07:46:08.953,8.9593,8.9659,1.00,1.20
2009.07.02 07:46:09.312,8.9591,8.9659,1.00,3.80
2009.07.02 07:46:51.822,8.9593,8.965,1.00,1.20
2009.07.02 07:47:05.109,8.9588,8.9637,1.00,1.20
2009.07.02 07:47:15.086,8.95905,8.96405,1.00,1.20
2009.07.02 07:48:04.795,8.9595,8.96365,1.60,1.20
2009.07.02 07:48:04.965,8.9595,8.9636,2.40,1.20
2009.07.02 07:48:25.280,8.9595,8.96365,1.00,1.20
2009.07.02 07:48:25.520,8.9595,8.9636,4.20,1.20
2009.07.02 07:49:30.904,8.9588,8.9635,1.00,1.20
2009.07.02 07:49:53.678,8.9595,8.9635,1.00,1.20
2009.07.02 07:49:53.898,8.9595,8.96365,2.40,1.20
2009.07.02 07:50:21.152,8.95955,8.96415,1.00,1.20
2009.07.02 07:50:29.340,8.95955,8.96465,1.00,1.20
2009.07.02 07:50:29.640,8.9598,8.9646,1.00,1.20
2009.07.02 07:51:17.748,8.9605,8.9646,2.40,1.20
2009.07.02 07:51:51.510,8.961,8.96515,2.40,1.20
2009.07.02 07:52:46.407,8.9598,8.9651,4.00,1.20
2009.07.02 07:52:53.645,8.9595,8.9646,5.60,1.20
2009.07.02 07:52:54.785,8.9595,8.9646,4.40,1.20
2009.07.02 07:52:55.065,8.9583,8.9646,12.00,1.20
2009.07.02 07:52:57.884,8.9585,8.9646,10.60,1.20
2009.07.02 07:52:58.234,8.95805,8.9646,1.00,1.20
2009.07.02 07:52:58.574,8.9568,8.9637,1.00,1.20
2009.07.02 07:53:07.102,8.9591,8.96465,3.60,1.20
2009.07.02 07:53:10.021,8.9595,8.9637,1.60,1.20
2009.07.02 07:53:10.531,8.95705,8.9637,3.20,1.20
2009.07.02 07:53:10.871,8.9566,8.9637,1.00,1.20
2009.07.02 07:53:18.269,8.9573,8.96405,1.00,1.20
2009.07.02 07:53:33.925,8.95835,8.964,1.00,1.20
2009.07.02 07:53:34.226,8.9588,8.96465,1.60,1.20
2009.07.02 07:53:43.043,8.959,8.9645,1.60,1.20
2009.07.02 07:53:43.213,8.959,8.9645,1.60,4.40
2009.07.02 07:53:43.333,8.9595,8.9645,2.40,4.40
2009.07.02 07:54:01.039,8.95745,8.9609,1.00,31.60
2009.07.02 07:54:01.559,8.9573,8.9609,2.40,31.60
2009.07.02 07:54:02.988,8.9575,8.9605,3.60,31.60
2009.07.02 07:54:03.338,8.9583,8.96405,1.00,1.20
2009.07.02 07:54:03.668,8.9571,8.96445,1.00,1.20
2009.07.02 07:54:06.047,8.957,8.9637,1.00,1.20
2009.07.02 07:54:12.566,8.95705,8.9637,1.00,1.20
2009.07.02 07:54:13.096,8.95705,8.9638,1.00,1.20
2009.07.02 07:54:15.945,8.95615,8.958,3.20,5.40
2009.07.02 07:54:16.305,8.9509,8.958,1.00,5.40
2009.07.02 07:54:17.205,8.95275,8.957,1.00,5.40
2009.07.02 07:54:17.385,8.95315,8.96,1.00,3.20
2009.07.02 07:54:17.615,8.95315,8.96035,1.00,1.20
2009.07.02 07:54:18.454,8.9541,8.9599,1.00,1.20
2009.07.02 07:54:18.574,8.9541,8.9609,1.00,1.20
2009.07.02 07:54:19.854,8.9543,8.96085,1.00,1.20
2009.07.02 07:54:20.134,8.9543,8.96105,1.00,1.20
2009.07.02 07:54:24.453,8.95455,8.961,1.00,1.20
2009.07.02 07:54:24.773,8.95455,8.9613,1.00,1.20
2009.07.02 07:54:29.232,8.9548,8.96155,1.00,1.20
2009.07.02 07:54:49.417,8.9566,8.9615,1.00,1.20
2009.07.02 07:54:49.767,8.9566,8.9615,1.60,1.20
2009.07.02 07:55:16.961,8.957,8.9615,1.00,1.20
2009.07.02 07:55:17.200,8.9544,8.9615,1.00,1.20
2009.07.02 07:55:24.169,8.9548,8.961,1.00,1.20
2009.07.02 07:55:33.267,8.95555,8.96235,1.00,1.20
2009.07.02 07:55:55.711,8.95605,8.9621,1.00,1.20
2009.07.02 07:56:32.622,8.95605,8.96235,1.00,1.20
2009.07.02 07:56:42.970,8.95605,8.9607,1.00,1.20
2009.07.02 07:56:43.150,8.9546,8.9607,1.00,2.60
2009.07.02 07:56:43.490,8.9546,8.9607,1.00,3.80
2009.07.02 07:56:57.886,8.9548,8.9605,1.00,2.80
2009.07.02 07:56:58.066,8.95585,8.9605,1.00,1.60
2009.07.02 07:56:58.406,8.95585,8.96255,1.00,1.20
2009.07.02 07:57:59.821,8.95455,8.9623,1.00,1.20
2009.07.02 07:58:01.172,8.95475,8.9628,1.00,2.40
2009.07.02 07:58:17.347,8.9555,8.96275,1.60,1.20
2009.07.02 07:58:17.577,8.9571,8.96275,1.00,1.20
2009.07.02 07:58:17.817,8.9571,8.96285,1.00,1.20
2009.07.02 07:58:23.705,8.9573,8.9575,1.00,30.40
2009.07.02 07:58:23.815,8.95385,8.9578,1.20,1.20
2009.07.02 07:58:24.805,8.9541,8.96125,1.20,3.20
2009.07.02 07:58:25.035,8.95585,8.95715,1.00,1.20
2009.07.02 07:58:25.395,8.95405,8.95715,1.20,1.20
2009.07.02 07:58:27.424,8.9545,8.95675,4.20,1.20
2009.07.02 07:58:31.304,8.9506,8.9549,1.60,20.80
2009.07.02 07:58:31.694,8.95035,8.9552,1.20,1.20
2009.07.02 07:58:32.754,8.95235,8.96285,1.00,3.20
2009.07.02 07:58:32.983,8.95235,8.9555,1.00,1.20
2009.07.02 07:58:33.323,8.95055,8.9558,1.20,1.20
2009.07.02 07:58:34.263,8.9508,8.95475,1.00,1.20
2009.07.02 07:58:34.613,8.951,8.95475,2.40,1.20
2009.07.02 07:58:36.143,8.951,8.9545,1.00,3.20
2009.07.02 07:58:36.422,8.9503,8.95745,1.00,1.20
2009.07.02 07:58:37.162,8.95115,8.95835,1.00,1.20
2009.07.02 07:58:38.622,8.9516,8.95835,1.00,1.20
2009.07.02 07:58:39.522,8.9518,8.9586,1.00,1.20
2009.07.02 07:58:41.011,8.95195,8.95855,1.00,1.20
2009.07.02 07:58:41.511,8.95195,8.9587,1.00,1.20
2009.07.02 07:58:41.861,8.952,8.95865,1.00,1.20
2009.07.02 07:58:42.151,8.952,8.95875,1.00,1.20
2009.07.02 07:58:42.441,8.9505,8.9568,1.00,2.80
2009.07.02 07:58:42.791,8.9483,8.9566,1.00,1.20
2009.07.02 07:58:43.071,8.9483,8.9558,1.00,1.20
2009.07.02 07:58:50.580,8.94825,8.95495,1.00,1.20
2009.07.02 07:58:58.077,8.94855,8.95495,1.00,1.20
2009.07.02 07:58:58.297,8.94855,8.9553,1.00,2.40
2009.07.02 07:59:03.106,8.9488,8.9553,1.00,1.20
2009.07.02 07:59:11.304,8.9496,8.9553,1.00,1.20
2009.07.02 07:59:15.743,8.9486,8.95555,1.00,6.00
2009.07.02 07:59:49.005,8.9498,8.9555,1.00,2.80
2009.07.02 07:59:52.464,8.95145,8.9555,1.00,2.80
2009.07.02 07:59:52.514,8.95145,8.95805,1.00,3.20
2009.07.02 07:59:53.054,8.95145,8.95885,1.00,1.20
2009.07.02 07:59:54.324,8.95165,8.9594,1.00,1.20
2009.07.02 07:59:54.384,8.9526,8.95935,1.00,1.20
2009.07.02 07:59:55.313,8.95305,8.95985,1.00,1.20
2009.07.02 07:59:56.513,8.9533,8.9601,1.00,1.20
2009.07.02 07:59:57.273,8.9534,8.9602,1.00,1.20
2009.07.02 07:59:57.733,8.9534,8.9602,1.00,1.20
2009.07.02 07:59:58.123,8.9535,8.9602,1.00,1.20
2009.07.02 07:59:58.472,8.9521,8.9592,1.00,1.20
