2017.09.12 15:00:00.332,9.36137,9.36276,1.12,1.00
2017.09.12 15:00:00.434,9.36162,9.36285,1.31,1.00
2017.09.12 15:00:00.535,9.36194,9.36305,1.00,1.00
2017.09.12 15:00:00.587,9.36194,9.36334,1.00,1.00
2017.09.12 15:00:00.739,9.36203,9.36343,1.00,1.00
2017.09.12 15:00:02.534,9.36216,9.36343,1.00,1.00
2017.09.12 15:00:02.587,9.36203,9.36343,1.00,1.00
2017.09.12 15:00:02.747,9.36216,9.36356,1.00,1.50
2017.09.12 15:00:03.053,9.36225,9.36365,1.00,1.75
2017.09.12 15:00:03.206,9.36225,9.36365,1.00,1.75
2017.09.12 15:00:04.314,9.36225,9.36365,1.00,1.75
2017.09.12 15:00:04.365,9.36225,9.36365,1.00,1.75
2017.09.12 15:00:05.350,9.36235,9.36375,1.00,1.75
2017.09.12 15:00:05.401,9.36235,9.36375,1.00,1.75
2017.09.12 15:00:06.233,9.36235,9.36375,1.00,1.75
2017.09.12 15:00:06.336,9.36235,9.36375,1.00,1.12
2017.09.12 15:00:06.692,9.36235,9.36375,1.00,1.75
2017.09.12 15:00:06.744,9.36235,9.36375,1.75,1.00
2017.09.12 15:00:06.796,9.36235,9.36375,1.75,1.00
2017.09.12 15:00:06.847,9.36243,9.36383,1.00,1.00
2017.09.12 15:00:07.217,9.36243,9.36383,1.75,1.00
2017.09.12 15:00:07.370,9.36252,9.36392,1.50,1.00
2017.09.12 15:00:07.952,9.36252,9.36392,1.00,1.00
2017.09.12 15:00:08.056,9.36252,9.36356,1.00,1.00
2017.09.12 15:00:08.157,9.36232,9.36356,1.75,1.00
2017.09.12 15:00:08.666,9.36224,9.36357,1.75,1.00
2017.09.12 15:00:08.850,9.36249,9.36389,1.00,1.00
2017.09.12 15:00:09.686,9.36249,9.36389,1.75,1.00
2017.09.12 15:00:09.789,9.36259,9.36399,1.00,1.00
2017.09.12 15:00:10.247,9.36259,9.36399,1.75,1.00
2017.09.12 15:00:10.566,9.36259,9.36399,2.00,1.00
2017.09.12 15:00:10.871,9.36259,9.36356,1.00,1.00
2017.09.12 15:00:10.973,9.36239,9.36356,1.57,1.00
2017.09.12 15:00:11.076,9.3623,9.36356,1.97,1.00
2017.09.12 15:00:11.599,9.36239,9.36379,2.06,1.00
2017.09.12 15:00:11.650,9.36254,9.36379,1.31,1.00
2017.09.12 15:00:11.701,9.36266,9.36406,2.00,1.00
2017.09.12 15:00:12.292,9.36264,9.36404,1.94,1.00
2017.09.12 15:00:13.506,9.36264,9.36404,1.94,1.00
2017.09.12 15:00:13.803,9.36264,9.36404,1.69,1.00
2017.09.12 15:00:14.315,9.36264,9.36404,1.50,1.00
2017.09.12 15:00:14.654,9.36264,9.36404,1.94,1.00
2017.09.12 15:00:14.960,9.36264,9.36404,1.94,1.00
2017.09.12 15:00:15.284,9.36301,9.36441,1.00,1.00
2017.09.12 15:00:15.437,9.36301,9.36441,1.94,1.00
2017.09.12 15:00:15.743,9.36301,9.36441,1.94,1.00
2017.09.12 15:00:16.479,9.36301,9.36441,1.94,1.00
2017.09.12 15:00:17.369,9.36301,9.36441,1.25,1.00
2017.09.12 15:00:17.421,9.36301,9.36441,1.94,1.00
2017.09.12 15:00:17.573,9.3631,9.3645,1.94,1.00
2017.09.12 15:00:18.262,9.3631,9.3645,1.94,1.00
2017.09.12 15:00:18.632,9.3631,9.3645,1.75,1.00
2017.09.12 15:00:19.157,9.3631,9.3645,1.94,1.00
2017.09.12 15:00:19.682,9.3631,9.3645,1.94,1.00
2017.09.12 15:00:19.733,9.3631,9.3645,1.75,1.00
2017.09.12 15:00:20.497,9.3631,9.3645,1.94,1.00
2017.09.12 15:00:21.042,9.3631,9.3645,1.00,1.00
2017.09.12 15:00:21.093,9.3631,9.3645,1.00,1.94
2017.09.12 15:00:21.246,9.36262,9.36402,1.00,1.75
2017.09.12 15:00:21.298,9.36242,9.36382,1.50,1.00
2017.09.12 15:00:22.031,9.36242,9.36382,1.00,1.75
2017.09.12 15:00:22.184,9.36242,9.36382,1.00,1.00
2017.09.12 15:00:22.286,9.36254,9.36396,1.00,1.00
2017.09.12 15:00:22.337,9.36254,9.36396,1.75,1.00
2017.09.12 15:00:22.389,9.36273,9.36413,1.00,1.00
2017.09.12 15:00:22.799,9.36253,9.36387,1.00,1.00
2017.09.12 15:00:22.850,9.36247,9.36387,1.00,1.00
2017.09.12 15:00:23.623,9.36256,9.36396,1.00,1.00
2017.09.12 15:00:23.935,9.36239,9.36356,1.00,1.00
2017.09.12 15:00:24.128,9.3619,9.3633,1.00,1.00
2017.09.12 15:00:25.698,9.36181,9.36321,1.00,1.00
2017.09.12 15:00:27.779,9.36181,9.36238,1.00,1.00
2017.09.12 15:00:27.882,9.36181,9.36321,1.00,1.25
2017.09.12 15:00:27.934,9.36156,9.36236,1.00,1.00
2017.09.12 15:00:28.087,9.36156,9.36262,1.00,1.13
2017.09.12 15:00:28.139,9.361,9.36233,1.00,1.13
2017.09.12 15:00:28.191,9.3608,9.36207,1.00,1.00
2017.09.12 15:00:28.242,9.36067,9.36207,1.00,1.00
2017.09.12 15:00:28.294,9.36058,9.36198,1.00,1.00
2017.09.12 15:00:28.610,9.36028,9.36168,1.00,1.50
2017.09.12 15:00:28.915,9.36019,9.36159,1.00,1.00
2017.09.12 15:00:29.423,9.36018,9.36158,1.00,1.00
2017.09.12 15:00:32.226,9.36013,9.36153,1.00,1.00
2017.09.12 15:00:35.158,9.36022,9.36162,1.00,1.00
2017.09.12 15:00:35.466,9.36043,9.36183,1.00,1.00
2017.09.12 15:00:35.772,9.36033,9.36173,1.00,1.00
2017.09.12 15:00:36.242,9.36041,9.36181,1.00,1.00
2017.09.12 15:00:36.722,9.36032,9.36174,1.00,1.00
2017.09.12 15:00:36.876,9.36032,9.36162,1.00,1.19
2017.09.12 15:00:36.927,9.36007,9.36147,1.00,1.00
2017.09.12 15:00:37.029,9.3599,9.3613,1.00,1.00
2017.09.12 15:00:37.334,9.36024,9.36164,1.00,1.00
2017.09.12 15:00:37.640,9.3605,9.3619,1.00,1.00
2017.09.12 15:00:38.932,9.36041,9.36181,1.00,1.00
2017.09.12 15:00:39.234,9.36031,9.36171,1.00,1.00
2017.09.12 15:00:42.351,9.36041,9.36181,1.00,1.00
2017.09.12 15:00:42.657,9.36031,9.36171,1.00,1.00
2017.09.12 15:00:45.985,9.36043,9.36183,1.00,1.00
2017.09.12 15:00:46.291,9.3606,9.362,1.00,1.00
2017.09.12 15:00:46.598,9.3606,9.36196,1.00,1.00
2017.09.12 15:00:46.701,9.36029,9.36169,1.00,1.00
2017.09.12 15:00:47.378,9.36041,9.36181,1.00,1.00
2017.09.12 15:00:48.895,9.36029,9.36171,1.00,1.00
2017.09.12 15:00:50.878,9.36029,9.36156,1.00,1.00
2017.09.12 15:00:50.980,9.36015,9.36155,1.00,1.00
2017.09.12 15:00:51.103,9.36005,9.36145,1.00,1.00
2017.09.12 15:00:51.664,9.36026,9.36145,1.00,1.00
2017.09.12 15:00:51.715,9.36026,9.36157,1.60,1.00
2017.09.12 15:00:51.767,9.36049,9.36157,1.00,1.00
2017.09.12 15:00:51.818,9.36068,9.3621,1.00,1.00
2017.09.12 15:00:52.415,9.36078,9.36218,1.00,1.00
2017.09.12 15:00:52.720,9.36086,9.36226,1.00,1.00
2017.09.12 15:00:53.292,9.36076,9.36218,1.00,1.00
2017.09.12 15:00:54.505,9.36079,9.36219,1.00,1.00
2017.09.12 15:00:54.879,9.3609,9.3623,1.00,1.00
2017.09.12 15:00:58.127,9.36099,9.36239,1.00,1.00
2017.09.12 15:00:58.434,9.36091,9.36231,1.00,1.00
2017.09.12 15:00:59.603,9.36072,9.36212,1.00,1.00
2017.09.12 15:00:59.706,9.36047,9.36236,1.00,1.00
2017.09.12 15:00:59.962,9.36044,9.36236,1.00,1.00
2017.09.12 15:01:00.013,9.36038,9.36236,1.00,1.00
2017.09.12 15:01:00.166,9.36048,9.36271,1.00,1.31
2017.09.12 15:01:00.267,9.36061,9.36241,1.00,1.00
2017.09.12 15:01:00.575,9.36108,9.36248,1.00,1.00
2017.09.12 15:01:01.123,9.36089,9.36229,1.00,1.00
2017.09.12 15:01:04.318,9.36099,9.36239,1.00,1.00
2017.09.12 15:01:04.625,9.36152,9.36292,1.00,1.00
2017.09.12 15:01:05.026,9.36142,9.36282,1.00,1.00
2017.09.12 15:01:06.016,9.36134,9.36274,1.00,1.00
2017.09.12 15:01:06.733,9.36157,9.36297,1.00,1.00
2017.09.12 15:01:07.074,9.36157,9.36236,1.00,1.00
2017.09.12 15:01:07.227,9.36086,9.36226,1.00,1.00
2017.09.12 15:01:07.330,9.361,9.3624,1.00,1.00
2017.09.12 15:01:07.835,9.36101,9.36241,1.00,1.00
2017.09.12 15:01:08.170,9.36103,9.36241,1.00,1.00
2017.09.12 15:01:08.221,9.3613,9.36272,1.00,1.00
2017.09.12 15:01:08.737,9.36111,9.36251,1.00,1.00
2017.09.12 15:01:09.247,9.361,9.3624,1.00,1.00
2017.09.12 15:01:12.214,9.36101,9.3624,1.00,1.00
2017.09.12 15:01:12.266,9.36121,9.36261,1.00,1.00
2017.09.12 15:01:12.368,9.36125,9.36265,1.00,1.00
2017.09.12 15:01:12.703,9.36173,9.363,1.00,1.00
2017.09.12 15:01:12.755,9.36193,9.36333,1.00,1.00
2017.09.12 15:01:12.858,9.36213,9.36353,1.00,1.00
2017.09.12 15:01:13.164,9.36215,9.36355,1.00,1.00
2017.09.12 15:01:13.536,9.36226,9.36366,1.00,1.00
2017.09.12 15:01:14.451,9.36226,9.36366,1.75,1.00
2017.09.12 15:01:14.603,9.36294,9.36434,1.00,1.00
2017.09.12 15:01:14.960,9.36294,9.36396,1.00,1.00
2017.09.12 15:01:15.063,9.36231,9.36371,1.00,1.00
2017.09.12 15:01:15.249,9.36211,9.36341,1.00,1.00
2017.09.12 15:01:15.301,9.36201,9.36341,1.00,1.00
2017.09.12 15:01:16.168,9.3621,9.3635,1.00,1.00
2017.09.12 15:01:16.786,9.36222,9.36364,1.00,1.00
2017.09.12 15:01:18.677,9.36214,9.36354,1.00,1.00
2017.09.12 15:01:19.016,9.36298,9.36431,1.00,1.00
2017.09.12 15:01:19.068,9.36318,9.36458,1.00,1.00
2017.09.12 15:01:19.960,9.36327,9.36467,1.00,1.00
2017.09.12 15:01:20.369,9.36317,9.36459,1.00,1.00
2017.09.12 15:01:20.471,9.36308,9.36448,1.00,1.00
2017.09.12 15:01:20.995,9.36307,9.36447,1.00,1.00
2017.09.12 15:01:21.610,9.36307,9.36447,2.10,1.00
2017.09.12 15:01:21.662,9.36343,9.36483,1.00,1.00
2017.09.12 15:01:22.020,9.36343,9.36471,1.00,1.00
2017.09.12 15:01:22.071,9.3631,9.3645,1.00,1.00
2017.09.12 15:01:22.173,9.36298,9.36438,1.00,1.00
2017.09.12 15:01:22.507,9.36289,9.36429,1.00,1.00
2017.09.12 15:01:23.065,9.36304,9.36444,1.00,1.00
2017.09.12 15:01:23.412,9.36315,9.36455,1.00,1.00
2017.09.12 15:01:24.991,9.36325,9.36465,1.00,1.00
2017.09.12 15:01:25.297,9.36344,9.36476,1.00,1.00
2017.09.12 15:01:25.582,9.36344,9.36484,1.00,1.00
2017.09.12 15:01:25.633,9.36344,9.36484,1.60,1.00
2017.09.12 15:01:25.787,9.3638,9.3652,1.00,1.00
2017.09.12 15:01:26.194,9.3637,9.3651,1.00,1.00
2017.09.12 15:01:26.527,9.3636,9.365,1.00,1.00
2017.09.12 15:01:27.772,9.36369,9.36509,1.00,1.00
2017.09.12 15:01:29.325,9.36374,9.36509,1.00,1.00
2017.09.12 15:01:29.478,9.36378,9.3652,1.00,1.00
2017.09.12 15:01:29.580,9.36397,9.36535,1.20,1.00
2017.09.12 15:01:29.924,9.36395,9.36476,1.00,1.00
2017.09.12 15:01:29.976,9.36364,9.36476,1.50,1.00
2017.09.12 15:01:30.141,9.36382,9.36489,1.35,1.00
2017.09.12 15:01:30.193,9.36388,9.36528,1.00,1.00
2017.09.12 15:01:30.295,9.36405,9.36547,1.00,1.00
2017.09.12 15:01:30.398,9.36405,9.36547,1.00,1.37
2017.09.12 15:01:30.500,9.36388,9.36528,1.00,1.00
2017.09.12 15:01:31.297,9.36392,9.36522,1.35,1.00
2017.09.12 15:01:31.399,9.36418,9.36558,1.00,1.00
2017.09.12 15:01:31.450,9.36418,9.36558,1.60,1.00
2017.09.12 15:01:31.622,9.36418,9.36558,1.60,1.00
2017.09.12 15:01:31.994,9.36418,9.36558,1.60,1.00
2017.09.12 15:01:32.197,9.36467,9.36607,1.00,1.00
2017.09.12 15:01:32.300,9.36464,9.36606,1.60,1.00
2017.09.12 15:01:32.833,9.36464,9.36606,1.00,1.00
2017.09.12 15:01:33.392,9.36475,9.36615,1.00,1.00
2017.09.12 15:01:33.821,9.36494,9.36634,1.00,1.00
2017.09.12 15:01:34.445,9.36508,9.36634,1.00,1.00
2017.09.12 15:01:34.497,9.36528,9.36668,1.00,1.00
2017.09.12 15:01:34.599,9.36537,9.36677,1.00,1.00
2017.09.12 15:01:34.956,9.36537,9.36642,1.00,1.00
2017.09.12 15:01:35.009,9.36482,9.36622,1.00,1.00
2017.09.12 15:01:35.253,9.3651,9.3665,1.00,1.00
2017.09.12 15:01:35.564,9.3652,9.3666,1.00,1.00
2017.09.12 15:01:37.227,9.36528,9.3666,1.00,1.00
2017.09.12 15:01:37.431,9.36575,9.36715,1.00,1.00
2017.09.12 15:01:37.482,9.36585,9.36715,1.00,1.00
2017.09.12 15:01:37.686,9.36605,9.36745,1.00,1.00
2017.09.12 15:01:37.737,9.36596,9.36736,1.00,1.00
2017.09.12 15:01:38.038,9.36512,9.36652,1.00,1.00
2017.09.12 15:01:38.346,9.36519,9.36659,1.00,1.00
2017.09.12 15:01:38.690,9.36506,9.36646,1.00,1.00
2017.09.12 15:01:38.844,9.36504,9.36646,1.00,1.00
2017.09.12 15:01:38.946,9.36514,9.36654,1.00,1.00
2017.09.12 15:01:39.920,9.36515,9.36654,1.00,1.00
2017.09.12 15:01:40.023,9.36529,9.36669,1.00,1.00
2017.09.12 15:01:40.227,9.36537,9.36677,1.00,1.00
2017.09.12 15:01:40.543,9.36519,9.36653,1.00,1.20
2017.09.12 15:01:40.646,9.365,9.3664,1.00,1.00
2017.09.12 15:01:41.387,9.365,9.36596,1.00,1.00
2017.09.12 15:01:41.439,9.36474,9.36585,1.00,1.00
2017.09.12 15:01:41.493,9.36463,9.36585,1.00,1.00
2017.09.12 15:01:41.544,9.36483,9.36613,1.00,1.39
2017.09.12 15:01:41.596,9.36483,9.36598,1.00,1.00
2017.09.12 15:01:41.649,9.36448,9.36578,1.00,1.00
2017.09.12 15:01:41.701,9.36474,9.36578,1.00,1.00
2017.09.12 15:01:41.752,9.36485,9.36625,1.00,1.00
2017.09.12 15:01:41.854,9.36493,9.36633,1.00,1.00
2017.09.12 15:01:42.447,9.36484,9.36624,1.00,1.00
2017.09.12 15:01:43.565,9.36484,9.36556,1.00,1.00
2017.09.12 15:01:43.718,9.36421,9.36557,1.00,1.00
2017.09.12 15:01:44.023,9.36421,9.36561,1.00,1.00
2017.09.12 15:01:44.129,9.36445,9.36582,1.00,1.00
2017.09.12 15:01:44.180,9.36445,9.36587,1.50,1.00
2017.09.12 15:01:44.231,9.36465,9.36605,1.00,1.00
2017.09.12 15:01:44.536,9.36536,9.36676,1.00,1.00
2017.09.12 15:01:44.893,9.36536,9.36665,1.00,1.00
2017.09.12 15:01:45.028,9.36505,9.36645,1.00,1.00
2017.09.12 15:01:45.283,9.36505,9.36556,1.00,1.00
2017.09.12 15:01:45.386,9.36505,9.36597,1.00,1.00
2017.09.12 15:01:45.437,9.36436,9.36556,1.00,1.00
2017.09.12 15:01:45.641,9.36428,9.36556,1.00,1.00
2017.09.12 15:01:46.141,9.3642,9.36556,1.00,1.00
2017.09.12 15:01:46.963,9.3642,9.36557,1.00,1.00
2017.09.12 15:01:47.117,9.3643,9.36556,1.00,1.00
2017.09.12 15:01:47.270,9.3643,9.3657,1.00,1.00
2017.09.12 15:01:47.321,9.3644,9.3658,1.00,1.00
2017.09.12 15:01:47.423,9.36449,9.36591,1.00,1.00
2017.09.12 15:01:47.525,9.36461,9.36601,1.00,1.00
2017.09.12 15:01:47.874,9.36482,9.36622,1.00,1.00
2017.09.12 15:01:48.131,9.36455,9.36597,1.00,1.00
2017.09.12 15:01:48.337,9.36478,9.36597,1.00,1.00
2017.09.12 15:01:48.439,9.36497,9.36636,1.00,1.00
2017.09.12 15:01:48.622,9.36515,9.36655,1.00,1.00
2017.09.12 15:01:48.673,9.36525,9.36655,1.00,1.00
2017.09.12 15:01:48.725,9.36545,9.36685,1.00,1.00
2017.09.12 15:01:48.827,9.36557,9.36697,1.00,1.00
2017.09.12 15:01:49.133,9.36531,9.36671,1.00,1.00
2017.09.12 15:01:49.439,9.36549,9.36689,1.00,1.00
2017.09.12 15:01:49.777,9.36557,9.36697,1.00,1.00
2017.09.12 15:01:51.152,9.36567,9.36707,1.00,1.00
2017.09.12 15:01:51.458,9.36585,9.36725,1.00,1.00
2017.09.12 15:01:51.764,9.36595,9.36735,1.00,1.00
2017.09.12 15:01:52.072,9.36595,9.36717,1.00,1.00
2017.09.12 15:01:52.327,9.36503,9.36636,1.00,1.00
2017.09.12 15:01:53.013,9.36524,9.36643,1.00,1.00
2017.09.12 15:01:53.166,9.36529,9.36669,1.00,1.00
2017.09.12 15:01:53.268,9.36539,9.36676,1.00,1.00
2017.09.12 15:01:53.371,9.36512,9.36652,1.00,1.00
2017.09.12 15:01:53.624,9.36524,9.36664,1.00,1.00
2017.09.12 15:01:54.554,9.36524,9.36636,1.00,1.00
2017.09.12 15:01:54.766,9.36467,9.36607,1.00,1.00
2017.09.12 15:01:55.071,9.36476,9.36616,1.00,1.00
2017.09.12 15:01:55.377,9.36485,9.36627,1.00,1.00
2017.09.12 15:01:55.888,9.36501,9.36627,1.00,1.00
2017.09.12 15:01:55.939,9.36521,9.36661,1.00,1.00
2017.09.12 15:01:56.529,9.36521,9.36636,1.00,1.00
2017.09.12 15:01:56.756,9.36492,9.36634,1.00,1.00
2017.09.12 15:01:57.378,9.36507,9.36647,1.00,1.00
2017.09.12 15:01:57.680,9.36528,9.36668,1.00,1.00
2017.09.12 15:01:59.554,9.36534,9.36674,1.00,1.00
2017.09.12 15:01:59.878,9.36523,9.36663,1.00,1.00
2017.09.12 15:02:01.721,9.3655,9.36663,1.19,1.00
2017.09.12 15:02:01.772,9.3657,9.3671,1.00,1.00
2017.09.12 15:02:01.824,9.36576,9.3671,1.00,1.00
2017.09.12 15:02:01.927,9.36595,9.36737,1.00,1.00
2017.09.12 15:02:01.978,9.36604,9.36744,1.00,1.00
2017.09.12 15:02:02.328,9.36585,9.36725,1.00,1.00
2017.09.12 15:02:02.887,9.36574,9.36714,1.00,1.00
2017.09.12 15:02:03.279,9.36564,9.36704,1.00,1.00
2017.09.12 15:02:04.174,9.36555,9.36695,1.00,1.00
2017.09.12 15:02:05.600,9.36565,9.36705,1.00,1.00
2017.09.12 15:02:06.997,9.36574,9.36714,1.00,1.00
2017.09.12 15:02:07.327,9.36583,9.36723,1.00,1.00
2017.09.12 15:02:07.648,9.36593,9.36733,1.00,1.00
2017.09.12 15:02:08.960,9.36604,9.36744,1.00,1.00
2017.09.12 15:02:10.306,9.36605,9.36744,1.35,1.00
2017.09.12 15:02:10.433,9.36635,9.36775,1.00,1.00
2017.09.12 15:02:10.484,9.3664,9.36776,1.00,1.00
2017.09.12 15:02:10.535,9.3664,9.3678,1.00,1.00
2017.09.12 15:02:10.586,9.36652,9.36792,1.00,1.00
2017.09.12 15:02:10.892,9.36673,9.36813,1.00,1.00
2017.09.12 15:02:12.271,9.36671,9.36811,1.00,1.00
2017.09.12 15:02:13.818,9.36679,9.36819,1.00,1.00
2017.09.12 15:02:13.985,9.36668,9.3681,1.00,1.00
2017.09.12 15:02:14.217,9.36677,9.36817,1.00,1.00
2017.09.12 15:02:14.523,9.36753,9.36876,1.00,1.00
2017.09.12 15:02:14.574,9.36753,9.36885,1.00,1.00
2017.09.12 15:02:14.625,9.36725,9.36862,1.00,1.00
2017.09.12 15:02:14.677,9.36724,9.36864,1.00,1.00
2017.09.12 15:02:14.779,9.3676,9.369,1.00,1.00
2017.09.12 15:02:14.881,9.3677,9.36912,1.00,1.00
2017.09.12 15:02:15.271,9.36772,9.36912,1.00,1.00
2017.09.12 15:02:15.322,9.36791,9.36933,1.00,1.00
2017.09.12 15:02:16.422,9.36804,9.36944,1.00,1.00
2017.09.12 15:02:17.915,9.36794,9.36936,1.00,1.00
2017.09.12 15:02:19.129,9.36787,9.36927,1.00,1.00
2017.09.12 15:02:21.330,9.36796,9.36936,1.00,1.00
2017.09.12 15:02:21.635,9.36817,9.36957,1.00,1.00
2017.09.12 15:02:22.131,9.36827,9.36967,1.00,1.00
2017.09.12 15:02:23.222,9.36828,9.36968,1.00,1.00
2017.09.12 15:02:23.527,9.36816,9.36958,1.00,1.00
2017.09.12 15:02:23.732,9.36808,9.36948,1.00,1.00
2017.09.12 15:02:24.038,9.36817,9.36957,1.00,1.00
2017.09.12 15:02:24.720,9.36827,9.36967,1.00,1.00
2017.09.12 15:02:26.938,9.36837,9.36977,1.00,1.00
2017.09.12 15:02:27.243,9.36846,9.36986,1.00,1.00
2017.09.12 15:02:27.548,9.3689,9.3703,1.00,1.00
2017.09.12 15:02:28.637,9.3689,9.3702,1.00,1.00
2017.09.12 15:02:28.739,9.3685,9.3699,1.00,1.00
2017.09.12 15:02:29.439,9.3686,9.37,1.00,1.00
2017.09.12 15:02:30.243,9.36869,9.37009,1.00,1.00
2017.09.12 15:02:30.548,9.36879,9.37019,1.00,1.00
2017.09.12 15:02:32.237,9.36883,9.37023,1.00,1.00
2017.09.12 15:02:32.568,9.36894,9.37034,1.00,1.00
2017.09.12 15:02:34.214,9.36894,9.37029,1.00,1.00
2017.09.12 15:02:34.265,9.36869,9.37009,1.00,1.00
2017.09.12 15:02:37.169,9.36867,9.37009,1.00,1.00
2017.09.12 15:02:41.442,9.36867,9.36999,1.00,1.00
2017.09.12 15:02:41.595,9.36814,9.36954,1.00,1.00
2017.09.12 15:02:41.697,9.36804,9.36946,1.00,1.00
2017.09.12 15:02:42.101,9.36815,9.36955,1.00,1.00
2017.09.12 15:02:42.406,9.36834,9.36974,1.00,1.00
2017.09.12 15:02:42.763,9.36842,9.36982,1.00,1.00
2017.09.12 15:02:43.068,9.36862,9.37002,1.00,1.00
2017.09.12 15:02:43.781,9.36872,9.37012,1.00,1.00
2017.09.12 15:02:43.883,9.36889,9.37031,1.00,1.00
2017.09.12 15:02:44.593,9.369,9.3704,1.00,1.00
2017.09.12 15:02:45.770,9.36891,9.37031,1.00,1.00
2017.09.12 15:02:52.195,9.36888,9.37028,1.00,1.00
2017.09.12 15:02:57.551,9.36878,9.37018,1.00,1.00
2017.09.12 15:03:05.326,9.36886,9.37028,1.00,1.00
2017.09.12 15:03:06.139,9.36874,9.37016,1.00,1.00
2017.09.12 15:03:06.871,9.36884,9.37024,1.00,1.00
2017.09.12 15:03:07.414,9.36883,9.37025,1.00,1.00
2017.09.12 15:03:07.720,9.36906,9.37046,1.00,1.00
2017.09.12 15:03:08.025,9.36915,9.37055,1.00,1.00
2017.09.12 15:03:11.589,9.36892,9.37032,1.00,1.00
2017.09.12 15:03:12.250,9.36894,9.37034,1.00,1.00
2017.09.12 15:03:12.555,9.36856,9.36996,1.00,1.00
2017.09.12 15:03:12.993,9.36843,9.36983,1.00,1.00
2017.09.12 15:03:13.340,9.36802,9.36942,1.00,1.00
2017.09.12 15:03:14.087,9.36799,9.36939,1.00,1.00
2017.09.12 15:03:15.090,9.36789,9.36929,1.00,1.00
2017.09.12 15:03:15.659,9.36779,9.36919,1.00,1.00
2017.09.12 15:03:20.296,9.36789,9.36929,1.00,1.00
2017.09.12 15:03:26.022,9.36798,9.36938,1.00,1.00
2017.09.12 15:03:28.512,9.36818,9.36958,1.00,1.00
2017.09.12 15:03:29.179,9.36827,9.36967,1.00,1.00
2017.09.12 15:03:29.230,9.36816,9.36958,1.00,1.00
2017.09.12 15:03:31.144,9.36829,9.36971,1.00,1.00
2017.09.12 15:03:34.629,9.36821,9.36961,1.00,1.00
2017.09.12 15:03:40.355,9.36811,9.36951,1.00,1.00
2017.09.12 15:03:42.427,9.36802,9.36942,1.00,1.00
2017.09.12 15:03:42.752,9.36792,9.36932,1.00,1.00
2017.09.12 15:03:46.953,9.36783,9.36923,1.00,1.00
2017.09.12 15:03:47.260,9.36792,9.36932,1.00,1.00
2017.09.12 15:03:53.253,9.36783,9.36923,1.00,1.00
2017.09.12 15:03:58.488,9.36793,9.36933,1.00,1.00
2017.09.12 15:03:58.794,9.36784,9.36924,1.00,1.00
2017.09.12 15:03:59.171,9.3677,9.3691,1.00,1.00
2017.09.12 15:03:59.477,9.36741,9.36881,1.00,1.00
2017.09.12 15:04:00.272,9.3673,9.36872,1.00,1.00
2017.09.12 15:04:00.882,9.36718,9.36858,1.00,1.00
2017.09.12 15:04:05.773,9.36706,9.36846,1.00,1.00
2017.09.12 15:04:06.077,9.36726,9.36866,1.00,1.00
2017.09.12 15:04:06.385,9.36717,9.36857,1.00,1.00
2017.09.12 15:04:06.699,9.36726,9.36866,1.00,1.00
2017.09.12 15:04:09.460,9.36734,9.36874,1.00,1.00
2017.09.12 15:04:12.280,9.36739,9.36879,1.00,1.00
2017.09.12 15:04:17.692,9.36729,9.36871,1.00,1.00
2017.09.12 15:04:17.794,9.36721,9.36861,1.00,1.00
2017.09.12 15:04:18.132,9.3673,9.3687,1.00,1.00
2017.09.12 15:04:19.217,9.3674,9.3688,1.00,1.00
2017.09.12 15:04:19.521,9.36729,9.36869,1.00,1.00
2017.09.12 15:04:23.513,9.36735,9.36875,1.00,1.00
2017.09.12 15:04:23.818,9.36754,9.36894,1.00,1.00
2017.09.12 15:04:24.120,9.36745,9.36887,1.00,1.00
2017.09.12 15:04:24.324,9.36765,9.36905,1.00,1.00
2017.09.12 15:04:24.642,9.36755,9.36895,1.00,1.00
2017.09.12 15:04:25.049,9.36764,9.36904,1.00,1.00
2017.09.12 15:04:25.814,9.36753,9.36893,1.00,1.00
2017.09.12 15:04:27.225,9.36741,9.36883,1.00,1.00
2017.09.12 15:04:27.327,9.36751,9.36891,1.00,1.00
2017.09.12 15:04:30.136,9.36768,9.36908,1.00,1.00
2017.09.12 15:04:30.447,9.36779,9.36919,1.00,1.00
2017.09.12 15:04:30.550,9.36787,9.36929,1.00,1.00
2017.09.12 15:04:31.447,9.36786,9.36928,1.00,1.00
2017.09.12 15:04:31.799,9.36796,9.36936,1.00,1.00
2017.09.12 15:04:32.256,9.36792,9.36932,1.00,1.00
2017.09.12 15:04:33.271,9.36783,9.36923,1.00,1.00
2017.09.12 15:04:34.347,9.36773,9.36915,1.00,1.00
2017.09.12 15:04:34.872,9.36764,9.36904,1.00,1.00
2017.09.12 15:04:35.178,9.36753,9.36893,1.00,1.00
2017.09.12 15:04:41.576,9.36772,9.36912,1.00,1.00
2017.09.12 15:04:42.035,9.36783,9.36923,1.00,1.00
2017.09.12 15:04:52.181,9.36774,9.36914,1.00,1.00
2017.09.12 15:04:52.514,9.3678,9.3692,1.00,1.00
2017.09.12 15:05:01.519,9.36789,9.36929,1.00,1.00
2017.09.12 15:05:06.193,9.36798,9.36938,1.00,1.00
2017.09.12 15:05:06.700,9.36799,9.36939,1.00,1.00
2017.09.12 15:05:12.322,9.36797,9.36937,1.00,1.00
2017.09.12 15:05:16.260,9.36806,9.36946,1.00,1.00
2017.09.12 15:05:18.041,9.36795,9.36935,1.00,1.00
2017.09.12 15:05:19.336,9.36806,9.36946,1.00,1.00
2017.09.12 15:05:21.363,9.36816,9.36956,1.00,1.00
2017.09.12 15:05:21.668,9.36835,9.36975,1.00,1.00
2017.09.12 15:05:21.973,9.36854,9.36994,1.00,1.00
2017.09.12 15:05:22.940,9.36862,9.37004,1.00,1.00
2017.09.12 15:05:27.078,9.36872,9.37014,1.00,1.00
2017.09.12 15:05:30.957,9.36883,9.37023,1.00,1.00
2017.09.12 15:05:31.059,9.36897,9.37039,1.00,1.00
2017.09.12 15:05:31.370,9.36921,9.37058,1.00,1.00
2017.09.12 15:05:31.422,9.36921,9.37063,1.00,1.00
2017.09.12 15:05:31.473,9.36942,9.37082,1.00,1.50
2017.09.12 15:05:32.309,9.36934,9.37076,1.00,1.00
2017.09.12 15:05:33.568,9.36952,9.37092,1.00,1.00
2017.09.12 15:05:33.873,9.36943,9.37083,1.00,1.00
2017.09.12 15:05:50.199,9.36952,9.37092,1.00,1.00
2017.09.12 15:05:52.198,9.36944,9.37084,1.00,1.00
2017.09.12 15:06:03.332,9.36944,9.37065,1.00,1.97
2017.09.12 15:06:03.434,9.36809,9.37002,1.00,1.00
2017.09.12 15:06:03.485,9.36933,9.36996,1.00,1.38
2017.09.12 15:06:03.537,9.36849,9.36989,1.00,1.56
2017.09.12 15:06:03.588,9.36849,9.36962,1.00,1.38
2017.09.12 15:06:03.640,9.36802,9.36942,1.00,1.00
2017.09.12 15:06:03.691,9.36802,9.36937,1.00,1.56
2017.09.12 15:06:03.743,9.3678,9.3692,1.00,1.00
2017.09.12 15:06:03.794,9.3678,9.36903,1.00,1.00
2017.09.12 15:06:03.845,9.36743,9.36883,1.00,1.00
2017.09.12 15:06:03.947,9.36723,9.36863,1.00,1.00
2017.09.12 15:06:05.461,9.36736,9.36876,1.00,1.00
2017.09.12 15:06:07.158,9.36745,9.36885,1.00,1.00
2017.09.12 15:06:08.371,9.36733,9.36873,1.00,1.00
2017.09.12 15:06:11.329,9.36743,9.36883,1.00,1.00
2017.09.12 15:06:12.350,9.36741,9.36881,1.00,1.00
2017.09.12 15:06:16.169,9.3675,9.3689,1.00,1.00
2017.09.12 15:06:23.247,9.36741,9.36881,1.00,1.00
2017.09.12 15:06:23.578,9.3675,9.3689,1.00,1.00
2017.09.12 15:06:23.884,9.36741,9.36862,1.00,1.00
2017.09.12 15:06:23.988,9.36725,9.36852,1.00,1.25
2017.09.12 15:06:24.093,9.36693,9.36833,1.00,1.00
2017.09.12 15:06:24.229,9.36685,9.36825,1.00,1.00
2017.09.12 15:06:24.281,9.36674,9.36816,1.00,1.00
2017.09.12 15:06:24.332,9.36674,9.36813,1.00,1.00
2017.09.12 15:06:24.383,9.36651,9.36792,1.00,1.00
2017.09.12 15:06:24.485,9.36668,9.36782,1.00,1.00
2017.09.12 15:06:24.589,9.36657,9.36783,1.00,1.75
2017.09.12 15:06:24.640,9.36657,9.36767,1.00,1.00
2017.09.12 15:06:24.692,9.36606,9.36746,1.00,1.37
2017.09.12 15:06:24.794,9.36595,9.36735,1.00,1.00
2017.09.12 15:06:24.896,9.36589,9.36729,1.00,1.00
2017.09.12 15:06:25.226,9.36598,9.36738,1.00,1.00
2017.09.12 15:06:26.286,9.36608,9.3675,1.00,1.00
2017.09.12 15:06:26.595,9.36593,9.36733,1.00,1.00
2017.09.12 15:06:32.267,9.36589,9.36729,1.00,1.00
2017.09.12 15:06:38.979,9.36569,9.36709,1.00,1.00
2017.09.12 15:06:39.314,9.36559,9.36699,1.00,1.00
2017.09.12 15:06:40.885,9.36567,9.36709,1.00,1.00
2017.09.12 15:06:41.917,9.36559,9.36699,1.00,1.00
2017.09.12 15:06:43.280,9.36548,9.36688,1.00,1.00
2017.09.12 15:06:46.393,9.36558,9.36698,1.00,1.00
2017.09.12 15:06:47.139,9.36558,9.36679,1.00,1.00
2017.09.12 15:06:47.292,9.36471,9.36611,1.00,1.00
2017.09.12 15:06:47.343,9.36471,9.366,1.00,1.25
2017.09.12 15:06:47.562,9.36391,9.36529,1.00,1.00
2017.09.12 15:06:47.614,9.36401,9.36529,1.00,1.00
2017.09.12 15:06:47.715,9.36381,9.36521,1.00,1.00
2017.09.12 15:06:47.817,9.36372,9.36512,1.00,1.00
2017.09.12 15:06:50.306,9.36363,9.36503,1.00,1.00
2017.09.12 15:06:50.618,9.36372,9.36512,1.00,1.00
2017.09.12 15:06:53.417,9.36392,9.36532,1.00,1.00
2017.09.12 15:06:54.324,9.36378,9.36518,1.00,1.00
2017.09.12 15:06:59.249,9.36388,9.36518,1.00,1.00
2017.09.12 15:06:59.659,9.36378,9.36518,1.50,1.00
2017.09.12 15:07:03.352,9.36387,9.36518,1.00,1.00
2017.09.12 15:07:03.556,9.36391,9.36531,1.00,1.00
2017.09.12 15:07:03.760,9.36402,9.36542,1.00,1.00
2017.09.12 15:07:04.581,9.36406,9.36546,1.00,1.00
2017.09.12 15:07:04.913,9.36398,9.36535,1.00,1.00
2017.09.12 15:07:04.964,9.36404,9.36544,1.00,1.00
2017.09.12 15:07:05.315,9.36438,9.36544,1.00,1.00
2017.09.12 15:07:05.469,9.36438,9.36569,1.00,1.00
2017.09.12 15:07:05.520,9.36438,9.36553,1.00,1.20
2017.09.12 15:07:05.572,9.36438,9.36569,1.00,1.00
2017.09.12 15:07:05.753,9.36429,9.36569,1.00,1.00
2017.09.12 15:07:05.855,9.36428,9.36554,1.00,1.00
2017.09.12 15:07:06.553,9.36428,9.36564,1.00,1.00
2017.09.12 15:07:07.681,9.36438,9.36564,1.00,1.00
2017.09.12 15:07:07.884,9.36448,9.36586,1.00,1.50
2017.09.12 15:07:07.935,9.36448,9.36567,1.00,1.50
2017.09.12 15:07:07.986,9.36419,9.36559,1.00,1.00
2017.09.12 15:07:08.037,9.36419,9.36547,1.00,1.00
2017.09.12 15:07:08.178,9.36398,9.36527,1.00,1.00
2017.09.12 15:07:08.281,9.36401,9.36541,1.00,1.00
2017.09.12 15:07:08.689,9.36391,9.36531,1.00,1.00
2017.09.12 15:07:13.108,9.36381,9.36523,1.00,1.00
2017.09.12 15:07:13.210,9.36371,9.36511,1.00,1.00
2017.09.12 15:07:15.782,9.36362,9.36502,1.00,1.00
2017.09.12 15:07:16.090,9.36372,9.36512,1.00,1.00
2017.09.12 15:07:16.402,9.36362,9.36502,1.00,1.00
2017.09.12 15:07:17.703,9.36373,9.36513,1.00,1.00
2017.09.12 15:07:21.632,9.36354,9.36494,1.00,1.00
2017.09.12 15:07:21.937,9.36335,9.36475,1.00,1.00
2017.09.12 15:07:23.337,9.36348,9.36488,1.00,1.00
2017.09.12 15:07:29.835,9.36357,9.36497,1.00,1.00
2017.09.12 15:07:31.948,9.36368,9.36508,1.00,1.00
2017.09.12 15:07:32.341,9.36366,9.36506,1.00,1.00
2017.09.12 15:07:39.745,9.36374,9.36516,1.00,1.00
2017.09.12 15:07:40.268,9.36366,9.36506,1.00,1.00
2017.09.12 15:07:40.369,9.36375,9.36517,1.00,1.00
2017.09.12 15:07:44.003,9.36417,9.36517,1.00,1.00
2017.09.12 15:07:44.156,9.36418,9.36546,1.00,1.00
2017.09.12 15:07:46.243,9.36417,9.36546,1.00,1.00
2017.09.12 15:07:50.726,9.36418,9.36546,1.00,1.00
2017.09.12 15:07:52.293,9.36418,9.36542,1.00,1.00
2017.09.12 15:07:55.874,9.36408,9.36542,1.00,1.00
2017.09.12 15:07:55.925,9.36421,9.36542,1.00,1.00
2017.09.12 15:07:56.078,9.36479,9.36621,1.00,1.44
2017.09.12 15:07:56.180,9.36471,9.36611,1.00,1.00
2017.09.12 15:07:56.620,9.36435,9.36575,1.00,1.00
2017.09.12 15:07:57.864,9.36415,9.36555,1.00,1.00
2017.09.12 15:07:58.189,9.36394,9.36534,1.00,1.00
2017.09.12 15:07:58.291,9.36402,9.36544,1.00,1.00
2017.09.12 15:08:00.132,9.36402,9.36544,1.00,1.19
2017.09.12 15:08:00.310,9.36364,9.36504,1.00,1.00
2017.09.12 15:08:00.413,9.36355,9.36495,1.00,1.00
2017.09.12 15:08:06.399,9.36364,9.36504,1.00,1.00
2017.09.12 15:08:06.706,9.36381,9.36521,1.00,1.00
2017.09.12 15:08:07.378,9.3639,9.3653,1.00,1.00
2017.09.12 15:08:07.683,9.36377,9.36517,1.00,1.00
2017.09.12 15:08:08.027,9.36368,9.36508,1.00,1.00
2017.09.12 15:08:11.405,9.36359,9.36499,1.00,1.00
2017.09.12 15:08:12.211,9.36367,9.36509,1.00,1.00
2017.09.12 15:08:12.762,9.36368,9.3651,1.00,1.00
2017.09.12 15:08:13.432,9.3636,9.365,1.00,1.00
2017.09.12 15:08:14.823,9.36369,9.36509,1.00,1.00
2017.09.12 15:08:16.496,9.3636,9.365,1.00,1.00
2017.09.12 15:08:17.318,9.36369,9.36509,1.00,1.00
2017.09.12 15:08:18.139,9.36378,9.36518,1.00,1.00
2017.09.12 15:08:28.843,9.36369,9.36509,1.00,1.00
2017.09.12 15:08:29.235,9.36364,9.36504,1.00,1.00
2017.09.12 15:08:30.670,9.36375,9.36515,1.00,1.00
2017.09.12 15:08:31.449,9.36365,9.36505,1.00,1.00
2017.09.12 15:08:32.246,9.36367,9.36507,1.00,1.00
2017.09.12 15:08:35.073,9.36377,9.36517,1.00,1.00
2017.09.12 15:08:38.677,9.36378,9.36517,1.00,1.00
2017.09.12 15:08:39.185,9.36377,9.36517,1.50,1.00
2017.09.12 15:08:39.490,9.36395,9.36535,1.00,1.00
2017.09.12 15:08:40.244,9.36398,9.36535,1.00,1.00
2017.09.12 15:08:40.549,9.36429,9.36569,1.00,1.00
2017.09.12 15:08:40.730,9.36413,9.36553,1.00,1.00
2017.09.12 15:08:41.087,9.36404,9.36544,1.00,1.00
2017.09.12 15:08:41.392,9.36408,9.36544,1.00,1.00
2017.09.12 15:08:41.443,9.36408,9.3655,1.50,1.00
2017.09.12 15:08:42.165,9.36398,9.36538,1.50,1.00
2017.09.12 15:08:42.496,9.36406,9.36546,1.00,1.00
2017.09.12 15:08:42.880,9.36408,9.36546,1.00,1.00
2017.09.12 15:08:43.186,9.36458,9.36568,1.00,1.00
2017.09.12 15:08:43.288,9.36468,9.36586,1.00,1.50
2017.09.12 15:08:43.390,9.36458,9.3658,1.00,1.00
2017.09.12 15:08:43.492,9.36448,9.3658,1.00,1.00
2017.09.12 15:08:43.543,9.3644,9.3658,1.00,1.00
2017.09.12 15:08:43.594,9.3643,9.36572,1.00,1.00
2017.09.12 15:08:43.748,9.36411,9.36539,1.00,1.00
2017.09.12 15:08:43.799,9.36399,9.36539,1.00,1.00
2017.09.12 15:08:43.850,9.36385,9.36525,1.00,1.00
2017.09.12 15:08:44.154,9.36369,9.36509,1.00,1.00
2017.09.12 15:08:44.460,9.36377,9.36517,1.00,1.00
2017.09.12 15:08:44.765,9.36407,9.36531,1.00,1.00
2017.09.12 15:08:44.986,9.36418,9.36544,1.50,1.00
2017.09.12 15:08:45.089,9.36437,9.36577,1.00,1.00
2017.09.12 15:08:45.191,9.36446,9.36586,1.00,1.19
2017.09.12 15:08:45.293,9.36437,9.36577,1.00,1.00
2017.09.12 15:08:45.395,9.36446,9.36586,1.00,1.19
2017.09.12 15:08:46.084,9.36439,9.36579,1.00,1.00
2017.09.12 15:08:46.186,9.36449,9.36589,1.00,1.19
2017.09.12 15:08:46.736,9.36449,9.36589,1.00,1.19
2017.09.12 15:08:49.162,9.36449,9.36589,1.00,1.00
2017.09.12 15:08:52.301,9.36452,9.36592,1.00,1.00
2017.09.12 15:08:56.762,9.3646,9.366,1.00,1.00
2017.09.12 15:09:04.885,9.36471,9.36611,1.00,1.00
2017.09.12 15:09:12.200,9.36469,9.36609,1.00,1.00
2017.09.12 15:09:16.613,9.36479,9.36619,1.00,1.00
2017.09.12 15:09:16.918,9.36458,9.36593,1.00,1.00
2017.09.12 15:09:18.761,9.36453,9.36593,1.00,1.00
2017.09.12 15:09:18.812,9.36458,9.36516,1.00,1.00
2017.09.12 15:09:18.914,9.36439,9.36564,1.00,1.19
2017.09.12 15:09:18.965,9.36424,9.36516,1.00,1.00
2017.09.12 15:09:19.016,9.36404,9.36516,1.00,1.00
2017.09.12 15:09:19.067,9.36393,9.36517,1.00,1.00
2017.09.12 15:09:19.118,9.36373,9.365,1.00,1.00
2017.09.12 15:09:19.169,9.3636,9.365,1.00,1.00
2017.09.12 15:09:19.221,9.36351,9.36491,1.00,1.00
2017.09.12 15:09:19.531,9.36346,9.36486,1.00,1.00
2017.09.12 15:09:20.617,9.36357,9.36497,1.94,1.00
2017.09.12 15:09:20.769,9.36408,9.36548,1.00,1.00
2017.09.12 15:09:20.821,9.36428,9.36568,1.00,1.50
2017.09.12 15:09:21.341,9.36429,9.36569,1.00,1.00
2017.09.12 15:09:22.321,9.36438,9.36578,1.00,1.00
2017.09.12 15:09:23.853,9.36446,9.36586,1.00,1.00
2017.09.12 15:09:25.231,9.36456,9.36596,1.00,1.00
2017.09.12 15:09:25.539,9.3648,9.3662,1.00,1.00
2017.09.12 15:09:25.882,9.3646,9.366,1.00,1.00
2017.09.12 15:09:27.149,9.3647,9.3661,1.00,1.00
2017.09.12 15:09:27.453,9.36479,9.36619,1.00,1.00
2017.09.12 15:09:28.445,9.36459,9.36595,1.00,1.00
2017.09.12 15:09:28.955,9.36458,9.36595,1.00,1.00
2017.09.12 15:09:30.658,9.36483,9.36615,1.00,1.00
2017.09.12 15:09:30.709,9.36483,9.36623,1.00,1.00
2017.09.12 15:09:31.538,9.36507,9.36643,1.00,1.00
2017.09.12 15:09:31.589,9.36507,9.36647,1.00,1.00
2017.09.12 15:09:31.640,9.36516,9.36656,1.00,1.00
2017.09.12 15:09:31.945,9.36529,9.36669,1.00,1.00
2017.09.12 15:09:32.249,9.36532,9.36672,1.00,1.00
2017.09.12 15:09:35.919,9.36532,9.36672,1.00,1.38
2017.09.12 15:09:35.970,9.36532,9.36672,1.00,1.00
2017.09.12 15:09:36.072,9.36523,9.36663,1.00,1.00
2017.09.12 15:09:38.494,9.36532,9.36672,1.00,1.00
2017.09.12 15:09:40.937,9.36532,9.3666,1.00,1.53
2017.09.12 15:09:40.988,9.3652,9.3666,1.00,1.00
2017.09.12 15:09:41.039,9.3652,9.36658,1.00,1.00
2017.09.12 15:09:41.090,9.36496,9.36638,1.00,1.00
2017.09.12 15:09:41.192,9.36506,9.36646,1.00,1.00
2017.09.12 15:09:47.582,9.36513,9.36655,1.00,1.00
2017.09.12 15:09:50.774,9.36505,9.36645,1.00,1.00
2017.09.12 15:09:52.312,9.36507,9.36647,1.00,1.00
2017.09.12 15:09:55.812,9.36498,9.36638,1.00,1.00
2017.09.12 15:09:57.191,9.36509,9.36649,1.00,1.00
2017.09.12 15:09:59.607,9.36494,9.36634,1.00,1.00
2017.09.12 15:10:01.797,9.36503,9.36643,1.00,1.00
2017.09.12 15:10:02.205,9.36512,9.36652,1.00,1.00
2017.09.12 15:10:03.427,9.36513,9.36652,1.00,1.00
2017.09.12 15:10:03.632,9.36558,9.36698,1.00,1.00
2017.09.12 15:10:03.798,9.36576,9.36716,1.00,1.00
2017.09.12 15:10:03.902,9.36585,9.36727,1.00,1.00
2017.09.12 15:10:06.004,9.36613,9.36753,1.00,1.00
2017.09.12 15:10:06.411,9.36594,9.36734,1.00,1.00
2017.09.12 15:10:07.731,9.36604,9.36744,1.00,1.00
2017.09.12 15:10:12.352,9.3661,9.3675,1.00,1.00
2017.09.12 15:10:13.832,9.36601,9.36741,1.00,1.00
2017.09.12 15:10:14.823,9.36588,9.3673,1.00,1.00
2017.09.12 15:10:15.921,9.36598,9.36738,1.00,1.00
2017.09.12 15:10:22.317,9.36607,9.36747,1.00,1.00
2017.09.12 15:10:26.283,9.36598,9.36738,1.00,1.00
2017.09.12 15:10:31.769,9.36605,9.36747,1.00,1.00
2017.09.12 15:10:32.305,9.366,9.3674,1.00,1.00
2017.09.12 15:10:33.499,9.3661,9.3675,1.00,1.00
2017.09.12 15:10:33.823,9.36601,9.36741,1.00,1.00
2017.09.12 15:10:41.904,9.36592,9.36732,1.00,1.00
2017.09.12 15:10:42.210,9.36573,9.36713,1.00,1.00
2017.09.12 15:10:43.007,9.36582,9.36722,1.00,1.00
2017.09.12 15:10:43.402,9.36573,9.36713,1.00,1.00
2017.09.12 15:10:43.708,9.36564,9.36704,1.00,1.00
2017.09.12 15:10:45.197,9.36574,9.36714,1.00,1.00
2017.09.12 15:10:46.498,9.36562,9.36702,1.00,1.00
2017.09.12 15:10:46.802,9.36571,9.36711,1.00,1.00
2017.09.12 15:10:49.629,9.36581,9.36721,1.00,1.00
2017.09.12 15:10:51.245,9.36571,9.36711,1.00,1.00
2017.09.12 15:10:51.347,9.36551,9.36693,1.00,1.00
2017.09.12 15:10:51.449,9.36542,9.36684,1.50,1.00
2017.09.12 15:10:51.755,9.36515,9.36655,1.00,1.00
2017.09.12 15:10:52.073,9.36524,9.36664,1.00,1.00
2017.09.12 15:10:52.521,9.36534,9.36674,1.00,1.00
2017.09.12 15:10:52.904,9.36543,9.36683,1.00,1.00
2017.09.12 15:11:01.266,9.36534,9.36674,1.00,1.00
2017.09.12 15:11:01.757,9.36525,9.36665,1.00,1.00
2017.09.12 15:11:02.063,9.36533,9.36673,1.00,1.00
2017.09.12 15:11:03.066,9.36521,9.36661,1.00,1.00
2017.09.12 15:11:04.383,9.3653,9.3667,1.00,1.00
2017.09.12 15:11:04.688,9.36521,9.36661,1.00,1.00
2017.09.12 15:11:06.769,9.36512,9.36652,1.00,1.00
2017.09.12 15:11:07.119,9.36502,9.36642,1.00,1.00
2017.09.12 15:11:08.398,9.36511,9.36651,1.00,1.00
2017.09.12 15:11:09.149,9.36493,9.36633,1.00,1.00
2017.09.12 15:11:09.656,9.36503,9.36643,1.00,1.00
2017.09.12 15:11:10.893,9.36516,9.36656,1.00,1.00
2017.09.12 15:11:12.279,9.3651,9.3665,1.00,1.00
2017.09.12 15:11:13.581,9.36528,9.36668,1.00,1.00
2017.09.12 15:11:14.105,9.36519,9.36659,1.00,1.00
2017.09.12 15:11:17.065,9.36529,9.36671,1.00,1.00
2017.09.12 15:11:22.165,9.36519,9.36659,1.00,1.00
2017.09.12 15:11:23.522,9.36528,9.36668,1.00,1.00
2017.09.12 15:11:32.217,9.36532,9.36672,1.00,1.00
2017.09.12 15:11:33.209,9.36542,9.36682,1.00,1.00
2017.09.12 15:11:39.631,9.36534,9.36674,1.00,1.00
2017.09.12 15:11:40.225,9.36543,9.36683,1.00,1.00
2017.09.12 15:11:40.581,9.36543,9.36649,1.00,1.00
2017.09.12 15:11:40.632,9.36487,9.36613,1.00,1.00
2017.09.12 15:11:40.683,9.36473,9.36613,1.00,1.00
2017.09.12 15:11:40.841,9.36516,9.36656,1.00,1.00
2017.09.12 15:11:41.148,9.36544,9.36684,1.00,1.19
2017.09.12 15:11:41.316,9.36544,9.36684,1.00,1.00
2017.09.12 15:11:41.469,9.36544,9.36676,1.00,1.38
2017.09.12 15:11:41.521,9.36499,9.36639,1.00,1.00
2017.09.12 15:11:41.623,9.36512,9.36652,1.00,1.00
2017.09.12 15:11:41.989,9.36521,9.36661,1.00,1.00
2017.09.12 15:11:45.970,9.36531,9.36673,1.00,1.00
2017.09.12 15:11:47.934,9.36524,9.36664,1.00,1.00
2017.09.12 15:11:48.149,9.36532,9.36674,1.00,1.00
2017.09.12 15:11:48.874,9.36525,9.36665,1.00,1.00
2017.09.12 15:11:52.292,9.36526,9.36668,1.00,1.00
2017.09.12 15:12:00.318,9.36518,9.36658,1.00,1.00
2017.09.12 15:12:01.910,9.36508,9.36648,1.00,1.00
2017.09.12 15:12:02.317,9.36498,9.36638,1.00,1.00
2017.09.12 15:12:03.705,9.36508,9.36648,1.00,1.00
2017.09.12 15:12:06.225,9.36519,9.36659,1.00,1.00
2017.09.12 15:12:12.249,9.36521,9.36661,1.00,1.00
2017.09.12 15:12:12.553,9.36531,9.36671,1.00,1.00
2017.09.12 15:12:15.552,9.3654,9.3668,1.00,1.00
2017.09.12 15:12:18.150,9.36531,9.36671,1.00,1.00
2017.09.12 15:12:25.343,9.36546,9.36686,1.00,1.00
2017.09.12 15:12:25.689,9.36507,9.36597,1.00,1.00
2017.09.12 15:12:25.740,9.36507,9.36647,1.00,1.00
2017.09.12 15:12:25.791,9.36516,9.36656,1.00,1.00
2017.09.12 15:12:26.096,9.36525,9.36665,1.00,1.00
2017.09.12 15:12:27.951,9.36536,9.36676,1.00,1.00
2017.09.12 15:12:29.995,9.36545,9.36685,1.00,1.00
2017.09.12 15:12:30.097,9.36553,9.36695,1.00,1.00
2017.09.12 15:12:30.667,9.36563,9.36703,1.00,1.00
2017.09.12 15:12:32.178,9.36569,9.36709,1.00,1.00
2017.09.12 15:12:33.153,9.36579,9.36719,1.00,1.00
2017.09.12 15:12:33.458,9.3661,9.3675,1.00,1.25
2017.09.12 15:12:33.765,9.36592,9.36732,1.00,1.00
2017.09.12 15:12:34.106,9.36563,9.36705,1.50,1.00
2017.09.12 15:12:34.208,9.36555,9.36695,1.00,1.00
2017.09.12 15:12:41.025,9.36573,9.36713,1.00,1.00
2017.09.12 15:12:45.512,9.36585,9.36725,1.00,1.00
2017.09.12 15:12:45.818,9.36574,9.36714,1.00,1.00
2017.09.12 15:12:46.124,9.36565,9.36705,1.00,1.00
2017.09.12 15:12:47.523,9.36574,9.36714,1.00,1.00
2017.09.12 15:12:49.507,9.36565,9.36705,1.00,1.00
2017.09.12 15:12:50.035,9.36573,9.36713,1.00,1.00
2017.09.12 15:12:51.042,9.36582,9.36722,1.00,1.00
2017.09.12 15:12:52.239,9.36579,9.36719,1.00,1.00
2017.09.12 15:12:54.142,9.36588,9.36728,1.00,1.00
2017.09.12 15:12:54.446,9.36601,9.36741,1.00,1.00
2017.09.12 15:12:57.147,9.3661,9.3675,1.00,1.00
2017.09.12 15:13:00.368,9.36618,9.3676,1.00,1.00
2017.09.12 15:13:02.166,9.3661,9.3675,1.00,1.00
2017.09.12 15:13:02.470,9.36621,9.36761,1.00,1.00
2017.09.12 15:13:02.781,9.3663,9.3677,1.00,1.00
2017.09.12 15:13:03.238,9.3664,9.3678,1.00,1.00
2017.09.12 15:13:05.147,9.3662,9.36752,1.00,1.00
2017.09.12 15:13:05.246,9.36612,9.36752,1.00,1.00
2017.09.12 15:13:05.297,9.36612,9.3672,1.00,1.00
2017.09.12 15:13:05.348,9.36592,9.36715,1.00,1.00
2017.09.12 15:13:05.450,9.36566,9.36706,1.00,1.00
2017.09.12 15:13:05.553,9.36557,9.36684,1.00,1.00
2017.09.12 15:13:05.655,9.36538,9.36678,1.00,1.00
2017.09.12 15:13:05.757,9.36538,9.36656,1.00,1.00
2017.09.12 15:13:05.859,9.36524,9.36656,1.00,1.00
2017.09.12 15:13:06.113,9.36524,9.36625,1.00,1.00
2017.09.12 15:13:06.164,9.36504,9.36625,1.00,1.00
2017.09.12 15:13:06.215,9.36492,9.36625,1.00,1.00
2017.09.12 15:13:06.266,9.36482,9.36622,1.00,1.00
2017.09.12 15:13:06.951,9.3649,9.36625,1.00,1.00
2017.09.12 15:13:07.570,9.36482,9.36603,1.00,1.00
2017.09.12 15:13:07.875,9.36472,9.36603,1.00,1.00
2017.09.12 15:13:08.078,9.36457,9.36597,1.00,1.00
2017.09.12 15:13:08.582,9.36457,9.36574,1.00,1.00
2017.09.12 15:13:08.684,9.36437,9.36574,1.50,1.00
2017.09.12 15:13:08.735,9.36437,9.3656,1.00,1.00
2017.09.12 15:13:08.787,9.36429,9.3656,1.00,1.00
2017.09.12 15:13:08.889,9.3642,9.3656,1.00,1.50
2017.09.12 15:13:11.163,9.36429,9.36569,1.00,1.50
2017.09.12 15:13:12.179,9.36425,9.36567,1.00,1.00
2017.09.12 15:13:18.720,9.36415,9.36555,1.50,1.00
2017.09.12 15:13:19.025,9.36403,9.36543,1.00,1.00
2017.09.12 15:13:19.340,9.36398,9.36538,1.00,1.00
2017.09.12 15:13:23.984,9.36398,9.36528,1.00,1.00
2017.09.12 15:13:24.035,9.36387,9.36527,1.00,1.00
2017.09.12 15:13:24.441,9.36399,9.36528,1.00,1.00
2017.09.12 15:13:25.456,9.36399,9.36535,1.00,1.00
2017.09.12 15:13:26.029,9.36399,9.36528,1.00,1.00
2017.09.12 15:13:26.130,9.36383,9.36523,1.00,1.00
2017.09.12 15:13:26.961,9.36401,9.36535,1.00,1.00
2017.09.12 15:13:28.338,9.3641,9.36535,1.00,1.00
2017.09.12 15:13:28.906,9.36411,9.36535,1.00,1.00
2017.09.12 15:13:29.009,9.36397,9.36535,1.00,1.00
2017.09.12 15:13:30.511,9.36413,9.36535,1.00,1.00
2017.09.12 15:13:30.613,9.36404,9.36535,1.00,1.00
2017.09.12 15:13:32.245,9.36407,9.36535,1.00,1.00
2017.09.12 15:13:34.821,9.36398,9.36535,1.00,1.00
2017.09.12 15:13:35.307,9.36398,9.36533,1.00,1.00
2017.09.12 15:13:37.632,9.36398,9.36523,1.00,1.00
2017.09.12 15:13:37.886,9.36398,9.36529,1.00,1.00
2017.09.12 15:13:41.468,9.36386,9.36526,1.00,1.00
2017.09.12 15:13:41.569,9.36402,9.36529,1.00,1.00
2017.09.12 15:13:42.843,9.36393,9.36529,1.00,1.00
2017.09.12 15:13:44.355,9.36402,9.36529,1.00,1.00
2017.09.12 15:13:45.248,9.36402,9.36541,1.00,1.00
2017.09.12 15:13:45.453,9.36414,9.36554,1.00,1.00
2017.09.12 15:13:45.665,9.36423,9.36563,1.00,1.00
2017.09.12 15:13:47.286,9.36433,9.36573,1.00,1.00
2017.09.12 15:13:47.794,9.36422,9.36562,1.00,1.00
2017.09.12 15:13:48.099,9.36431,9.36571,1.00,1.00
2017.09.12 15:13:52.201,9.36429,9.36571,1.00,1.00
2017.09.12 15:13:53.162,9.36439,9.36579,1.00,1.00
2017.09.12 15:13:53.781,9.36449,9.36589,1.00,1.00
2017.09.12 15:13:54.086,9.36436,9.36576,1.00,1.00
2017.09.12 15:13:54.405,9.36461,9.36596,1.00,1.00
2017.09.12 15:13:54.456,9.36461,9.36601,1.00,1.00
2017.09.12 15:13:54.609,9.3647,9.3661,1.00,1.00
2017.09.12 15:13:54.914,9.36461,9.36601,1.00,1.00
2017.09.12 15:13:56.491,9.3647,9.3661,1.00,1.00
2017.09.12 15:13:56.795,9.3646,9.366,1.00,1.00
2017.09.12 15:13:57.431,9.36451,9.36593,1.00,1.00
2017.09.12 15:13:57.996,9.36462,9.36602,1.00,1.00
2017.09.12 15:13:58.300,9.36452,9.36592,1.00,1.00
2017.09.12 15:13:58.645,9.36463,9.36603,1.00,1.00
2017.09.12 15:13:59.305,9.36455,9.36595,1.00,1.00
2017.09.12 15:13:59.637,9.36446,9.36586,1.00,1.00
2017.09.12 15:14:00.960,9.36446,9.3658,1.00,1.00
2017.09.12 15:14:01.011,9.3642,9.3656,1.00,1.00
2017.09.12 15:14:01.113,9.36429,9.36569,1.00,1.00
2017.09.12 15:14:01.418,9.36438,9.36578,1.00,1.00
2017.09.12 15:14:03.205,9.36419,9.36559,1.00,1.00
2017.09.12 15:14:03.511,9.36427,9.36567,1.00,1.00
2017.09.12 15:14:03.825,9.36416,9.36556,1.00,1.00
2017.09.12 15:14:05.337,9.36416,9.36546,1.00,1.00
2017.09.12 15:14:05.440,9.36393,9.36533,1.00,1.00
2017.09.12 15:14:05.908,9.36407,9.36547,1.00,1.00
2017.09.12 15:14:08.929,9.36411,9.36547,1.00,1.00
2017.09.12 15:14:09.031,9.36428,9.36568,1.00,1.00
2017.09.12 15:14:09.234,9.36415,9.36555,1.00,1.00
2017.09.12 15:14:09.722,9.36426,9.36566,1.00,1.00
2017.09.12 15:14:10.040,9.36414,9.36554,1.00,1.00
2017.09.12 15:14:11.448,9.36424,9.36566,1.00,1.00
2017.09.12 15:14:11.550,9.36422,9.36562,1.00,1.00
2017.09.12 15:14:12.226,9.36414,9.36554,1.00,1.00
2017.09.12 15:14:13.102,9.36424,9.36564,1.00,1.00
2017.09.12 15:14:13.930,9.36433,9.36573,1.00,1.00
2017.09.12 15:14:14.269,9.36439,9.36579,1.00,1.00
2017.09.12 15:14:22.450,9.36425,9.36565,1.00,1.00
2017.09.12 15:14:22.857,9.36414,9.36554,1.00,1.00
2017.09.12 15:14:25.464,9.36424,9.36564,1.00,1.00
2017.09.12 15:14:26.061,9.36413,9.36553,1.00,1.00
2017.09.12 15:14:26.365,9.36411,9.36545,1.00,1.00
2017.09.12 15:14:27.680,9.36413,9.36553,1.00,1.00
2017.09.12 15:14:28.446,9.36413,9.36546,1.00,1.00
2017.09.12 15:14:28.497,9.36413,9.36553,1.00,1.00
2017.09.12 15:14:28.600,9.36392,9.36532,1.00,1.00
2017.09.12 15:14:28.924,9.36404,9.36544,1.00,1.00
2017.09.12 15:14:29.488,9.36391,9.36527,1.00,1.00
2017.09.12 15:14:30.401,9.36411,9.36547,1.00,1.00
2017.09.12 15:14:30.503,9.36416,9.36556,1.00,1.00
2017.09.12 15:14:30.605,9.36416,9.36546,1.00,1.00
2017.09.12 15:14:30.656,9.36393,9.36533,1.00,1.00
2017.09.12 15:14:30.758,9.36406,9.36546,1.00,1.50
2017.09.12 15:14:31.063,9.36391,9.36526,1.00,1.00
2017.09.12 15:14:31.838,9.36384,9.36516,1.00,1.00
2017.09.12 15:14:32.156,9.36384,9.36506,1.00,1.00
2017.09.12 15:14:32.207,9.36366,9.36506,1.50,1.50
2017.09.12 15:14:32.310,9.36361,9.36501,1.00,1.00
2017.09.12 15:14:49.599,9.36373,9.36513,1.00,1.00
2017.09.12 15:14:49.945,9.36407,9.36547,1.00,1.00
2017.09.12 15:14:50.250,9.36397,9.36537,1.00,1.00
2017.09.12 15:14:50.617,9.36389,9.36529,1.00,1.00
2017.09.12 15:14:52.233,9.36393,9.36533,1.00,1.00
2017.09.12 15:14:52.941,9.36404,9.36544,1.00,1.00
2017.09.12 15:14:53.247,9.36421,9.36561,1.00,1.00
2017.09.12 15:14:53.734,9.36408,9.36548,1.00,1.00
2017.09.12 15:14:54.055,9.36416,9.36556,1.00,1.00
2017.09.12 15:14:57.120,9.36396,9.36536,1.00,1.00
2017.09.12 15:14:57.731,9.36387,9.36527,1.00,1.00
2017.09.12 15:14:59.085,9.36387,9.36516,1.00,1.00
2017.09.12 15:14:59.358,9.36367,9.36506,1.00,1.00
2017.09.12 15:15:00.364,9.36381,9.36507,1.00,1.00
2017.09.12 15:15:00.465,9.36387,9.36527,1.00,1.00
2017.09.12 15:15:00.567,9.36404,9.36544,1.00,1.00
2017.09.12 15:15:00.873,9.36456,9.36596,1.00,1.00
2017.09.12 15:15:01.179,9.36512,9.36652,1.00,1.00
2017.09.12 15:15:01.737,9.36529,9.36669,1.00,1.00
2017.09.12 15:15:03.362,9.36518,9.3666,1.00,1.00
2017.09.12 15:15:04.254,9.36499,9.36639,1.00,1.00
2017.09.12 15:15:05.741,9.36518,9.36658,1.00,1.00
2017.09.12 15:15:06.663,9.36527,9.36667,1.00,1.00
2017.09.12 15:15:07.950,9.36546,9.36686,1.00,1.00
2017.09.12 15:15:08.980,9.36554,9.36694,1.00,1.00
2017.09.12 15:15:09.387,9.36568,9.36708,1.00,1.00
2017.09.12 15:15:10.797,9.36557,9.36697,1.00,1.00
2017.09.12 15:15:11.541,9.36557,9.36699,1.00,1.00
2017.09.12 15:15:11.756,9.36559,9.36699,1.00,1.00
2017.09.12 15:15:12.262,9.36556,9.36696,1.00,1.00
2017.09.12 15:15:15.883,9.36566,9.36706,1.00,1.00
2017.09.12 15:15:16.188,9.36554,9.36694,1.00,1.00
2017.09.12 15:15:17.082,9.36536,9.36676,1.00,1.00
2017.09.12 15:15:17.432,9.36526,9.36666,1.00,1.00
2017.09.12 15:15:18.802,9.36518,9.36658,1.00,1.00
2017.09.12 15:15:26.822,9.36537,9.36679,1.00,1.00
2017.09.12 15:15:26.940,9.36553,9.36693,1.00,1.00
2017.09.12 15:15:32.238,9.36559,9.36699,1.00,1.00
2017.09.12 15:15:38.350,9.36567,9.36707,1.00,1.00
2017.09.12 15:15:38.757,9.36556,9.36696,1.00,1.00
2017.09.12 15:15:42.100,9.36555,9.36695,1.00,1.00
2017.09.12 15:15:42.455,9.36563,9.36703,1.00,1.00
2017.09.12 15:15:43.652,9.36565,9.36705,1.00,1.00
2017.09.12 15:15:45.942,9.36574,9.36714,1.00,1.00
2017.09.12 15:15:46.044,9.36582,9.36724,1.00,1.00
2017.09.12 15:15:46.450,9.36591,9.36733,1.00,1.00
2017.09.12 15:15:46.755,9.36654,9.36794,1.00,1.00
2017.09.12 15:15:47.096,9.36645,9.36785,1.00,1.00
2017.09.12 15:15:48.255,9.36654,9.36794,1.00,1.00
2017.09.12 15:15:50.234,9.36663,9.36803,1.00,1.00
2017.09.12 15:15:57.448,9.3668,9.3682,1.00,1.00
2017.09.12 15:15:58.157,9.36689,9.36829,1.00,1.00
2017.09.12 15:15:59.106,9.36698,9.36838,1.00,1.00
2017.09.12 15:15:59.414,9.36708,9.36848,1.00,1.00
2017.09.12 15:16:08.078,9.36717,9.36857,1.00,1.00
2017.09.12 15:16:08.569,9.36753,9.36893,1.00,1.00
2017.09.12 15:16:08.774,9.36821,9.36963,1.00,1.00
2017.09.12 15:16:08.876,9.36858,9.36998,1.00,1.00
2017.09.12 15:16:09.185,9.36848,9.36988,1.00,1.00
2017.09.12 15:16:09.574,9.36831,9.36971,1.00,1.00
2017.09.12 15:16:12.185,9.36837,9.36977,1.00,1.00
2017.09.12 15:16:20.592,9.36827,9.36967,1.00,1.00
2017.09.12 15:16:30.505,9.36818,9.3696,1.00,1.00
2017.09.12 15:16:32.236,9.36817,9.36957,1.00,1.00
2017.09.12 15:16:44.817,9.36817,9.36952,1.00,1.00
2017.09.12 15:16:44.868,9.36797,9.36937,1.00,1.00
2017.09.12 15:16:44.970,9.36779,9.36919,1.00,1.00
2017.09.12 15:16:45.284,9.36769,9.36909,1.00,1.00
2017.09.12 15:16:46.535,9.36779,9.36919,1.00,1.00
2017.09.12 15:16:48.133,9.36778,9.36918,1.00,1.00
2017.09.12 15:16:49.849,9.36777,9.36917,1.00,1.00
2017.09.12 15:16:51.032,9.36785,9.36925,1.00,1.00
2017.09.12 15:16:51.364,9.36776,9.36916,1.00,1.00
2017.09.12 15:16:52.239,9.36771,9.36911,1.00,1.00
2017.09.12 15:16:54.057,9.36778,9.36918,1.00,1.00
2017.09.12 15:16:57.388,9.36768,9.3691,1.00,1.00
2017.09.12 15:17:00.187,9.36781,9.36921,1.00,1.00
2017.09.12 15:17:00.497,9.36771,9.36911,1.00,1.00
2017.09.12 15:17:03.182,9.3678,9.3692,1.00,1.00
2017.09.12 15:17:03.502,9.36773,9.36911,1.19,1.00
2017.09.12 15:17:03.553,9.3678,9.36911,1.00,1.00
2017.09.12 15:17:03.604,9.368,9.3694,1.00,1.00
2017.09.12 15:17:03.655,9.36824,9.36964,1.00,1.00
2017.09.12 15:17:03.960,9.36836,9.36976,1.00,1.00
2017.09.12 15:17:07.939,9.36845,9.36985,1.00,1.00
2017.09.12 15:17:08.244,9.36898,9.37038,1.00,1.00
2017.09.12 15:17:08.550,9.36919,9.37059,1.00,1.00
2017.09.12 15:17:09.305,9.36909,9.37049,1.00,1.00
2017.09.12 15:17:09.610,9.36981,9.37121,1.00,1.00
2017.09.12 15:17:09.915,9.36991,9.37131,1.00,1.00
2017.09.12 15:17:12.202,9.36987,9.37127,1.00,1.00
2017.09.12 15:17:13.103,9.36999,9.37139,1.00,1.00
2017.09.12 15:17:13.441,9.37021,9.37161,1.00,1.00
2017.09.12 15:17:14.607,9.37029,9.37169,1.00,1.00
2017.09.12 15:17:15.906,9.37037,9.37177,1.00,1.00
2017.09.12 15:17:16.211,9.37046,9.37186,1.00,1.00
2017.09.12 15:17:16.315,9.37059,9.37201,1.00,1.00
2017.09.12 15:17:16.418,9.37071,9.37201,1.12,1.00
2017.09.12 15:17:16.520,9.37106,9.37246,1.00,1.00
2017.09.12 15:17:16.622,9.37114,9.37256,1.00,1.00
2017.09.12 15:17:22.787,9.37114,9.37256,1.75,1.00
2017.09.12 15:17:23.092,9.37137,9.37277,1.00,1.00
2017.09.12 15:17:23.613,9.37137,9.37277,1.50,1.00
2017.09.12 15:17:24.440,9.37152,9.37292,1.00,1.00
2017.09.12 15:17:24.745,9.37142,9.37282,1.75,1.00
2017.09.12 15:17:25.356,9.37142,9.37282,1.75,1.00
2017.09.12 15:17:25.869,9.37142,9.37282,1.75,1.00
2017.09.12 15:17:25.920,9.37154,9.37294,1.00,1.00
2017.09.12 15:17:28.613,9.37143,9.37283,1.00,1.00
2017.09.12 15:17:28.918,9.3711,9.3725,1.00,1.00
2017.09.12 15:17:30.844,9.37112,9.37252,1.00,1.00
2017.09.12 15:17:32.251,9.37115,9.37257,1.00,1.00
2017.09.12 15:17:33.108,9.37115,9.37251,1.00,1.00
2017.09.12 15:17:33.159,9.37091,9.37231,1.00,1.00
2017.09.12 15:17:33.261,9.3708,9.3722,1.50,1.00
2017.09.12 15:17:33.594,9.3707,9.37212,1.94,1.00
2017.09.12 15:17:34.102,9.3707,9.37212,1.00,1.00
2017.09.12 15:17:34.858,9.37081,9.37221,1.00,1.00
2017.09.12 15:17:36.362,9.371,9.3724,1.00,1.00
2017.09.12 15:17:38.655,9.371,9.3724,1.00,1.67
2017.09.12 15:17:38.736,9.37058,9.37198,1.00,1.00
2017.09.12 15:17:38.838,9.36997,9.37137,1.00,1.00
2017.09.12 15:17:39.143,9.36987,9.37127,1.69,1.00
2017.09.12 15:17:39.244,9.36987,9.37127,1.00,1.00
2017.09.12 15:17:39.449,9.36957,9.37097,1.00,1.00
2017.09.12 15:17:40.434,9.36932,9.37072,1.00,1.00
2017.09.12 15:17:40.741,9.36922,9.37062,1.00,1.00
2017.09.12 15:17:41.167,9.36913,9.37053,1.00,1.00
2017.09.12 15:17:41.941,9.36901,9.37041,1.00,1.00
2017.09.12 15:17:42.290,9.36891,9.37031,1.00,1.00
2017.09.12 15:17:42.647,9.36882,9.37022,1.00,1.00
2017.09.12 15:17:43.558,9.36842,9.36982,1.00,1.00
2017.09.12 15:17:44.372,9.36834,9.36974,1.00,1.00
2017.09.12 15:17:44.676,9.36812,9.36952,1.00,1.00
2017.09.12 15:17:45.175,9.36822,9.36962,1.00,1.00
2017.09.12 15:17:46.388,9.36812,9.36952,1.00,1.00
2017.09.12 15:17:46.693,9.36752,9.36892,1.00,1.00
2017.09.12 15:17:47.663,9.36762,9.36902,1.00,1.00
2017.09.12 15:17:47.764,9.36787,9.36929,1.00,1.00
2017.09.12 15:17:47.954,9.36798,9.36938,1.00,1.00
2017.09.12 15:17:48.475,9.36809,9.36949,1.00,1.00
2017.09.12 15:17:48.679,9.36844,9.36986,1.00,1.00
2017.09.12 15:17:49.185,9.36914,9.36986,1.50,1.00
2017.09.12 15:17:49.236,9.36889,9.36986,1.00,1.00
2017.09.12 15:17:49.288,9.36909,9.37026,1.00,1.00
2017.09.12 15:17:49.339,9.36909,9.37014,1.00,1.00
2017.09.12 15:17:49.390,9.36854,9.36994,1.00,1.00
2017.09.12 15:17:49.442,9.36854,9.36988,1.00,1.00
2017.09.12 15:17:49.493,9.36827,9.36969,1.00,1.00
2017.09.12 15:17:49.595,9.36819,9.36959,1.00,1.00
2017.09.12 15:17:50.385,9.36828,9.3697,1.00,1.00
2017.09.12 15:17:51.179,9.36837,9.36977,1.00,1.00
2017.09.12 15:17:51.512,9.36864,9.37004,1.00,1.00
2017.09.12 15:17:53.216,9.36856,9.36996,1.00,1.00
2017.09.12 15:17:53.523,9.36875,9.37015,1.00,1.00
2017.09.12 15:17:57.903,9.36884,9.37024,1.00,1.00
2017.09.12 15:18:05.344,9.36875,9.37015,1.00,1.00
2017.09.12 15:18:05.649,9.36835,9.36975,1.00,1.00
2017.09.12 15:18:06.921,9.36845,9.36985,1.00,1.00
2017.09.12 15:18:07.245,9.36859,9.36999,1.00,1.00
2017.09.12 15:18:10.140,9.36839,9.36978,1.00,1.00
2017.09.12 15:18:10.343,9.36847,9.36987,1.00,1.00
2017.09.12 15:18:18.561,9.36855,9.36995,1.00,1.00
2017.09.12 15:18:21.389,9.36843,9.36983,1.00,1.00
2017.09.12 15:18:22.481,9.36853,9.36993,1.00,1.00
2017.09.12 15:18:23.204,9.36862,9.37002,1.00,1.00
2017.09.12 15:18:23.681,9.36872,9.37012,1.00,1.00
2017.09.12 15:18:25.091,9.36861,9.37001,1.00,1.00
2017.09.12 15:18:26.898,9.36874,9.37014,1.00,1.00
2017.09.12 15:18:31.409,9.36875,9.37015,1.00,1.00
2017.09.12 15:18:31.721,9.36927,9.37065,1.00,1.00
2017.09.12 15:18:31.772,9.36925,9.37065,1.00,1.00
2017.09.12 15:18:31.824,9.36933,9.37073,1.00,1.00
2017.09.12 15:18:32.129,9.36924,9.37064,1.00,1.00
2017.09.12 15:18:32.435,9.36927,9.37067,1.00,1.00
2017.09.12 15:18:32.740,9.36918,9.37058,1.00,1.00
2017.09.12 15:18:33.308,9.36926,9.37066,1.00,1.00
2017.09.12 15:18:34.227,9.36915,9.37055,1.00,1.00
2017.09.12 15:18:34.558,9.36926,9.37066,1.00,1.00
2017.09.12 15:18:34.893,9.36916,9.37056,1.00,1.00
2017.09.12 15:18:35.198,9.36926,9.37066,1.00,1.00
2017.09.12 15:18:35.504,9.36929,9.37069,1.00,1.00
2017.09.12 15:18:39.148,9.36937,9.37077,1.00,1.00
2017.09.12 15:18:41.120,9.36946,9.37086,1.00,1.00
2017.09.12 15:18:43.234,9.36954,9.37096,1.00,1.00
2017.09.12 15:18:44.450,9.36971,9.37111,1.00,1.00
2017.09.12 15:18:52.247,9.36974,9.37114,1.00,1.00
2017.09.12 15:19:19.514,9.36964,9.37106,1.00,1.00
2017.09.12 15:19:24.935,9.36974,9.37116,1.00,1.00
2017.09.12 15:19:30.975,9.36997,9.37135,1.00,1.00
2017.09.12 15:19:31.026,9.36997,9.37137,1.00,1.00
2017.09.12 15:19:32.283,9.36995,9.37135,1.00,1.00
2017.09.12 15:19:32.879,9.36998,9.37138,1.00,1.00
2017.09.12 15:19:40.894,9.37011,9.37151,1.00,1.00
2017.09.12 15:19:41.200,9.3705,9.37192,1.00,1.00
2017.09.12 15:19:41.404,9.37057,9.37197,1.00,1.00
2017.09.12 15:19:41.617,9.37044,9.37186,1.00,1.00
2017.09.12 15:19:47.903,9.37054,9.37194,1.00,1.00
2017.09.12 15:19:48.424,9.37062,9.37202,1.00,1.00
2017.09.12 15:19:48.729,9.37051,9.37191,1.00,1.00
2017.09.12 15:19:49.527,9.37059,9.37201,1.00,1.00
2017.09.12 15:19:51.333,9.37069,9.37209,1.00,1.00
2017.09.12 15:19:52.209,9.37067,9.37207,1.00,1.00
2017.09.12 15:19:53.319,9.37076,9.37216,1.00,1.00
2017.09.12 15:19:53.421,9.37056,9.37236,1.19,1.00
2017.09.12 15:19:53.472,9.37038,9.37306,2.33,2.14
2017.09.12 15:19:54.175,9.37038,9.37306,2.33,2.14
2017.09.12 15:19:55.320,9.37038,9.37306,3.08,2.14
2017.09.12 15:19:56.009,9.37024,9.37288,2.06,2.14
2017.09.12 15:19:56.111,9.3702,9.37268,1.31,1.94
2017.09.12 15:19:56.416,9.3707,9.3721,1.00,1.00
2017.09.12 15:19:56.641,9.37049,9.37191,1.00,1.00
2017.09.12 15:19:56.743,9.37041,9.37181,1.00,1.00
2017.09.12 15:19:57.052,9.37033,9.37173,1.00,1.00
2017.09.12 15:19:57.444,9.37047,9.37187,1.00,1.00
2017.09.12 15:19:58.065,9.37039,9.37179,1.00,1.00
2017.09.12 15:19:58.380,9.37049,9.37189,1.00,1.00
2017.09.12 15:20:00.030,9.37044,9.37184,1.00,1.00
2017.09.12 15:20:02.959,9.37055,9.37195,1.00,1.00
2017.09.12 15:20:03.263,9.37047,9.37187,1.00,1.00
2017.09.12 15:20:05.065,9.37056,9.37196,1.00,1.00
2017.09.12 15:20:05.370,9.37045,9.37185,1.00,1.00
2017.09.12 15:20:05.867,9.37039,9.37179,1.00,1.00
2017.09.12 15:20:07.575,9.37048,9.37188,1.00,1.00
2017.09.12 15:20:08.768,9.37046,9.37186,1.00,1.00
2017.09.12 15:20:09.358,9.37057,9.37197,1.00,1.00
2017.09.12 15:20:11.081,9.37049,9.37189,1.00,1.00
2017.09.12 15:20:11.852,9.37058,9.37198,1.00,1.00
2017.09.12 15:20:12.157,9.37062,9.37202,1.00,1.00
2017.09.12 15:20:12.341,9.37059,9.37201,1.00,1.00
2017.09.12 15:20:12.394,9.37075,9.37215,1.00,1.00
2017.09.12 15:20:12.702,9.37065,9.37205,1.00,1.00
2017.09.12 15:20:13.646,9.37056,9.37196,1.00,1.00
2017.09.12 15:20:15.375,9.37047,9.37187,1.00,1.00
2017.09.12 15:20:15.713,9.37056,9.37196,1.00,1.00
2017.09.12 15:20:16.068,9.37043,9.37183,1.00,1.00
2017.09.12 15:20:17.784,9.37054,9.37194,1.00,1.00
2017.09.12 15:20:19.109,9.37064,9.37204,1.00,1.00
2017.09.12 15:20:19.482,9.37041,9.37183,1.00,1.00
2017.09.12 15:20:19.584,9.37051,9.37191,1.00,1.00
2017.09.12 15:20:21.083,9.3706,9.372,1.00,1.00
2017.09.12 15:20:21.388,9.37052,9.37192,1.00,1.00
2017.09.12 15:20:21.702,9.37119,9.37251,1.00,1.00
2017.09.12 15:20:21.753,9.37119,9.37261,1.00,1.00
2017.09.12 15:20:21.804,9.37145,9.37281,1.00,1.00
2017.09.12 15:20:21.855,9.37145,9.37285,1.00,1.00
2017.09.12 15:20:21.906,9.37135,9.37275,1.00,1.00
2017.09.12 15:20:24.423,9.37144,9.37284,1.00,1.00
2017.09.12 15:20:29.851,9.37169,9.37309,1.00,1.00
2017.09.12 15:20:29.954,9.37188,9.3733,1.00,1.00
2017.09.12 15:20:30.006,9.37188,9.3733,1.94,1.00
2017.09.12 15:20:30.057,9.37219,9.37359,1.00,1.00
2017.09.12 15:20:30.108,9.37258,9.37379,1.00,1.00
2017.09.12 15:20:30.159,9.37258,9.37398,1.00,1.00
2017.09.12 15:20:30.211,9.37238,9.37342,1.00,1.00
2017.09.12 15:20:30.262,9.37202,9.37342,1.00,1.00
2017.09.12 15:20:30.314,9.37182,9.37318,1.00,1.00
2017.09.12 15:20:30.365,9.37176,9.37318,1.00,1.00
2017.09.12 15:20:30.416,9.37157,9.37296,1.00,1.00
2017.09.12 15:20:30.954,9.37156,9.37296,1.00,1.00
2017.09.12 15:20:31.056,9.37132,9.37274,1.00,1.00
2017.09.12 15:20:31.158,9.371,9.3724,1.00,1.00
2017.09.12 15:20:31.463,9.37088,9.37228,1.00,1.00
2017.09.12 15:20:32.243,9.37091,9.37231,1.00,1.00
2017.09.12 15:20:33.455,9.37115,9.37255,1.00,1.00
2017.09.12 15:20:34.920,9.37106,9.37246,1.00,1.00
2017.09.12 15:20:50.272,9.37119,9.37259,1.00,1.00
2017.09.12 15:20:52.301,9.37117,9.37257,1.00,1.00
2017.09.12 15:21:05.794,9.37108,9.37248,1.00,1.00
2017.09.12 15:21:08.722,9.37088,9.37268,1.00,1.00
2017.09.12 15:21:08.773,9.37062,9.37313,1.94,1.39
2017.09.12 15:21:11.930,9.3711,9.3725,1.00,1.00
2017.09.12 15:21:12.236,9.37106,9.37246,1.00,1.00
2017.09.12 15:21:13.617,9.37093,9.37233,1.00,1.00
2017.09.12 15:21:15.140,9.37102,9.37242,1.00,1.00
2017.09.12 15:21:15.472,9.37116,9.37256,1.00,1.00
2017.09.12 15:21:17.133,9.37101,9.37243,1.00,1.00
2017.09.12 15:21:20.326,9.37104,9.37244,1.00,1.00
2017.09.12 15:21:22.469,9.37113,9.37253,1.00,1.00
2017.09.12 15:21:22.865,9.37104,9.37244,1.00,1.00
2017.09.12 15:21:26.054,9.37113,9.37253,1.00,1.00
2017.09.12 15:21:29.046,9.37133,9.37273,1.00,1.50
2017.09.12 15:21:29.382,9.37123,9.37263,1.00,1.00
2017.09.12 15:21:31.854,9.37137,9.37277,1.00,1.00
2017.09.12 15:21:32.177,9.37135,9.37275,1.00,1.00
2017.09.12 15:21:39.764,9.37106,9.37246,1.00,1.00
2017.09.12 15:21:40.564,9.37104,9.37244,1.00,1.00
2017.09.12 15:21:40.909,9.37113,9.37253,1.00,1.00
2017.09.12 15:21:51.821,9.37122,9.37262,1.00,1.00
2017.09.12 15:21:52.209,9.37115,9.37255,1.00,1.00
2017.09.12 15:21:55.706,9.37113,9.37253,1.00,1.00
2017.09.12 15:21:56.626,9.37116,9.37256,1.00,1.00
2017.09.12 15:21:57.033,9.37114,9.37254,1.00,1.00
2017.09.12 15:22:02.941,9.37125,9.37265,1.00,1.00
2017.09.12 15:22:03.246,9.37112,9.37252,1.00,1.00
2017.09.12 15:22:05.330,9.37122,9.37262,1.00,1.00
2017.09.12 15:22:05.639,9.37132,9.37272,1.00,1.00
2017.09.12 15:22:07.458,9.37124,9.37264,1.00,1.00
2017.09.12 15:22:11.693,9.37134,9.37276,1.00,1.00
2017.09.12 15:22:12.176,9.37139,9.37279,1.00,1.00
2017.09.12 15:22:13.089,9.37127,9.37269,1.00,1.00
2017.09.12 15:22:13.789,9.37137,9.37277,1.00,1.00
2017.09.12 15:22:16.759,9.37138,9.37278,1.00,1.00
2017.09.12 15:22:18.799,9.37148,9.37288,1.00,1.00
2017.09.12 15:22:19.308,9.37159,9.37299,1.00,1.00
2017.09.12 15:22:20.510,9.37146,9.37286,1.00,1.00
2017.09.12 15:22:24.174,9.37154,9.37296,1.00,1.00
2017.09.12 15:22:24.458,9.37166,9.37306,1.00,1.00
2017.09.12 15:22:24.767,9.37154,9.37294,1.00,1.00
2017.09.12 15:22:25.175,9.37163,9.37303,1.00,1.00
2017.09.12 15:22:25.802,9.37154,9.37294,1.00,1.00
2017.09.12 15:22:31.315,9.37204,9.37294,1.00,1.00
2017.09.12 15:22:31.468,9.37235,9.37377,1.00,1.00
2017.09.12 15:22:31.519,9.37245,9.37385,1.00,1.00
2017.09.12 15:22:31.862,9.37256,9.37396,1.00,1.00
2017.09.12 15:22:32.218,9.37276,9.37416,1.00,1.50
2017.09.12 15:22:32.523,9.37289,9.37429,1.00,1.00
2017.09.12 15:22:32.852,9.37273,9.37413,1.00,1.00
2017.09.12 15:22:33.157,9.3727,9.3741,1.00,1.00
2017.09.12 15:22:33.462,9.37273,9.37413,1.00,1.00
2017.09.12 15:22:34.503,9.37291,9.37433,1.00,1.50
2017.09.12 15:22:34.809,9.37283,9.37423,1.00,1.00
2017.09.12 15:22:35.137,9.37292,9.37432,1.00,1.00
2017.09.12 15:22:35.443,9.37283,9.37423,1.00,1.00
2017.09.12 15:22:39.944,9.37295,9.37435,1.00,1.00
2017.09.12 15:22:40.283,9.37305,9.37445,1.00,1.00
2017.09.12 15:22:41.548,9.37293,9.37433,1.00,1.00
2017.09.12 15:22:44.126,9.37285,9.37425,1.00,1.00
2017.09.12 15:22:44.912,9.37276,9.37416,1.00,1.00
2017.09.12 15:22:45.542,9.37255,9.37395,1.00,1.00
2017.09.12 15:22:45.848,9.37235,9.37363,1.00,1.00
2017.09.12 15:22:45.900,9.37223,9.37363,1.00,1.00
2017.09.12 15:22:46.309,9.37214,9.37354,1.00,1.00
2017.09.12 15:22:52.259,9.37212,9.37352,1.00,1.00
2017.09.12 15:23:01.137,9.37198,9.37338,1.00,1.00
2017.09.12 15:23:01.936,9.37207,9.37347,1.00,1.00
2017.09.12 15:23:02.272,9.37196,9.37336,1.00,1.00
2017.09.12 15:23:04.391,9.37208,9.37348,1.00,1.00
2017.09.12 15:23:04.697,9.37198,9.37338,1.00,1.00
2017.09.12 15:23:11.636,9.37207,9.37347,1.00,1.00
2017.09.12 15:23:11.966,9.37198,9.37338,1.00,1.00
2017.09.12 15:23:12.535,9.37199,9.37339,1.00,1.00
2017.09.12 15:23:15.412,9.37199,9.37336,1.00,1.00
2017.09.12 15:23:15.463,9.37176,9.37316,1.00,1.00
2017.09.12 15:23:16.968,9.37184,9.37324,1.00,1.00
2017.09.12 15:23:17.313,9.37195,9.37335,1.00,1.00
2017.09.12 15:23:17.848,9.37185,9.37325,1.00,1.00
2017.09.12 15:23:18.767,9.372,9.3734,1.00,1.00
2017.09.12 15:23:22.189,9.3719,9.3733,1.00,1.00
2017.09.12 15:23:22.496,9.37199,9.37339,1.00,1.00
2017.09.12 15:23:29.408,9.37196,9.37248,1.00,1.00
2017.09.12 15:23:29.510,9.37089,9.37205,1.50,1.00
2017.09.12 15:23:29.612,9.37045,9.37184,1.00,1.00
2017.09.12 15:23:29.714,9.37075,9.37205,1.00,1.00
2017.09.12 15:23:29.816,9.37095,9.37235,1.00,1.00
2017.09.12 15:23:30.724,9.37086,9.37226,1.00,1.00
2017.09.12 15:23:32.648,9.37086,9.37222,1.00,1.39
2017.09.12 15:23:32.802,9.37009,9.37149,1.00,1.00
2017.09.12 15:23:33.007,9.37021,9.37161,1.00,1.00
2017.09.12 15:23:34.263,9.37031,9.37161,1.00,1.00
2017.09.12 15:23:34.394,9.37061,9.37201,1.00,1.00
2017.09.12 15:23:34.698,9.37052,9.37192,1.00,1.00
2017.09.12 15:23:35.819,9.37042,9.37182,1.00,1.00
2017.09.12 15:23:36.126,9.37031,9.37171,1.00,1.00
2017.09.12 15:23:37.398,9.37042,9.37182,1.00,1.00
2017.09.12 15:23:38.445,9.37034,9.37104,1.00,1.20
2017.09.12 15:23:38.496,9.37034,9.37112,1.00,1.00
2017.09.12 15:23:38.548,9.36977,9.37094,1.00,1.00
2017.09.12 15:23:38.663,9.36934,9.37074,1.00,1.00
2017.09.12 15:23:38.714,9.36942,9.37084,1.00,1.00
2017.09.12 15:23:38.817,9.36933,9.37073,1.00,1.00
2017.09.12 15:23:39.530,9.36945,9.37085,1.00,1.00
2017.09.12 15:23:39.836,9.36954,9.37094,1.00,1.00
2017.09.12 15:23:40.142,9.36956,9.37096,1.00,1.00
2017.09.12 15:23:41.630,9.36965,9.37105,1.00,1.00
2017.09.12 15:23:44.807,9.36974,9.37114,1.00,1.00
2017.09.12 15:23:46.220,9.36985,9.37125,1.00,1.00
2017.09.12 15:23:49.941,9.36997,9.37137,1.00,1.00
2017.09.12 15:23:50.264,9.37006,9.37146,1.00,1.00
2017.09.12 15:23:51.836,9.37005,9.37145,1.00,1.00
2017.09.12 15:23:52.262,9.36997,9.37137,1.00,1.00
2017.09.12 15:23:52.939,9.3698,9.3712,1.00,1.00
2017.09.12 15:23:54.345,9.36991,9.37131,1.00,1.00
2017.09.12 15:23:55.544,9.37004,9.37131,1.00,1.00
2017.09.12 15:23:55.849,9.37013,9.37155,1.00,1.00
2017.09.12 15:23:55.951,9.37023,9.37165,1.00,1.00
2017.09.12 15:23:56.292,9.36995,9.37134,1.00,1.00
2017.09.12 15:23:56.344,9.36974,9.37114,1.00,1.00
2017.09.12 15:23:56.546,9.36983,9.37123,1.00,1.00
2017.09.12 15:23:59.478,9.36993,9.37133,1.00,1.00
2017.09.12 15:23:59.812,9.36984,9.37124,1.00,1.00
2017.09.12 15:24:00.765,9.36993,9.37133,1.00,1.00
2017.09.12 15:24:01.078,9.3697,9.3711,1.00,1.00
2017.09.12 15:24:01.383,9.36961,9.37101,1.00,1.00
2017.09.12 15:24:02.285,9.3697,9.3711,1.00,1.00
2017.09.12 15:24:05.148,9.36979,9.37119,1.00,1.00
2017.09.12 15:24:07.876,9.36993,9.37133,1.00,1.00
2017.09.12 15:24:08.278,9.36984,9.37124,1.00,1.00
2017.09.12 15:24:11.472,9.36993,9.37133,1.00,1.00
2017.09.12 15:24:11.776,9.37003,9.37143,1.00,1.00
2017.09.12 15:24:12.266,9.37,9.3714,1.00,1.00
2017.09.12 15:24:15.090,9.37006,9.37146,1.00,1.00
2017.09.12 15:24:17.773,9.37006,9.37077,1.00,1.00
2017.09.12 15:24:17.940,9.36897,9.37039,1.00,1.00
2017.09.12 15:24:17.991,9.36914,9.37054,1.00,1.00
2017.09.12 15:24:18.296,9.36903,9.37043,1.00,1.00
2017.09.12 15:24:18.600,9.36894,9.37034,1.00,1.00
2017.09.12 15:24:18.906,9.36904,9.37044,1.00,1.00
2017.09.12 15:24:19.094,9.36893,9.37035,1.00,1.00
2017.09.12 15:24:19.196,9.36905,9.37045,1.00,1.00
2017.09.12 15:24:20.170,9.36915,9.37055,1.00,1.00
2017.09.12 15:24:20.683,9.36916,9.37056,1.00,1.00
2017.09.12 15:24:24.421,9.36906,9.37046,1.00,1.00
2017.09.12 15:24:24.771,9.36934,9.37074,1.00,1.00
2017.09.12 15:24:25.339,9.36937,9.37077,1.00,1.00
2017.09.12 15:24:25.542,9.36944,9.37086,1.00,1.00
2017.09.12 15:24:30.105,9.36944,9.37071,1.00,1.00
2017.09.12 15:24:30.156,9.36944,9.37086,1.00,1.00
2017.09.12 15:24:30.318,9.36933,9.37073,1.00,1.00
2017.09.12 15:24:30.623,9.3695,9.3709,1.00,1.00
2017.09.12 15:24:31.437,9.36939,9.37079,1.00,1.00
2017.09.12 15:24:31.962,9.36948,9.37088,1.00,1.00
2017.09.12 15:24:32.368,9.36958,9.37098,1.00,1.00
2017.09.12 15:24:32.673,9.36949,9.37089,1.00,1.00
2017.09.12 15:24:34.472,9.3695,9.3709,1.00,1.00
2017.09.12 15:24:34.842,9.36938,9.37078,1.00,1.00
2017.09.12 15:24:37.779,9.36938,9.37036,1.00,1.00
2017.09.12 15:24:37.983,9.36885,9.36997,1.00,1.00
2017.09.12 15:24:38.085,9.36829,9.36966,1.50,1.00
2017.09.12 15:24:38.186,9.36814,9.36954,1.00,1.00
2017.09.12 15:24:38.288,9.36801,9.36909,1.00,1.00
2017.09.12 15:24:38.796,9.36769,9.36909,2.25,1.00
2017.09.12 15:24:38.950,9.36779,9.36919,1.00,1.00
2017.09.12 15:24:43.577,9.36789,9.36929,1.00,1.00
2017.09.12 15:24:46.166,9.36778,9.36918,1.00,1.00
2017.09.12 15:24:46.267,9.3679,9.36932,1.00,1.00
2017.09.12 15:24:46.673,9.36778,9.36918,1.00,1.00
2017.09.12 15:24:46.977,9.36788,9.36928,1.00,1.00
2017.09.12 15:24:47.495,9.36779,9.36919,1.00,1.00
2017.09.12 15:24:47.799,9.36789,9.36929,1.00,1.00
2017.09.12 15:24:48.104,9.36779,9.36919,1.00,1.00
2017.09.12 15:24:48.434,9.36789,9.36929,1.00,1.00
2017.09.12 15:24:49.921,9.36785,9.36925,1.00,1.00
2017.09.12 15:24:50.227,9.36782,9.36922,1.00,1.00
2017.09.12 15:24:50.353,9.36784,9.36926,1.00,1.00
2017.09.12 15:24:50.505,9.36775,9.36915,1.00,1.00
2017.09.12 15:24:51.524,9.36784,9.36924,1.00,1.00
2017.09.12 15:24:52.310,9.36782,9.36922,1.00,1.00
2017.09.12 15:24:52.614,9.36767,9.36907,1.00,1.00
2017.09.12 15:24:52.665,9.36753,9.36895,1.00,1.00
2017.09.12 15:24:52.904,9.36766,9.36906,1.00,1.00
2017.09.12 15:24:53.107,9.36755,9.36897,1.00,1.00
2017.09.12 15:24:53.717,9.36767,9.36907,1.00,1.00
2017.09.12 15:24:54.022,9.36763,9.36903,1.00,1.00
2017.09.12 15:24:56.312,9.36754,9.36894,1.00,1.00
2017.09.12 15:24:57.022,9.36722,9.36862,1.00,1.00
2017.09.12 15:24:57.323,9.36714,9.36854,1.00,1.00
2017.09.12 15:25:00.352,9.36698,9.36837,1.00,1.00
2017.09.12 15:25:01.520,9.36697,9.36837,1.00,1.00
2017.09.12 15:25:01.858,9.36705,9.36845,1.00,1.00
2017.09.12 15:25:02.253,9.36695,9.36835,1.00,1.00
2017.09.12 15:25:03.028,9.36679,9.36816,1.50,1.00
2017.09.12 15:25:03.232,9.36688,9.36828,1.00,1.00
2017.09.12 15:25:03.334,9.36679,9.36817,1.50,1.00
2017.09.12 15:25:06.831,9.36679,9.36808,1.50,1.00
2017.09.12 15:25:07.764,9.36678,9.36808,1.50,1.00
2017.09.12 15:25:08.020,9.36658,9.36798,1.00,1.00
2017.09.12 15:25:08.169,9.36646,9.36786,1.00,1.00
2017.09.12 15:25:09.570,9.36655,9.36795,1.00,1.00
2017.09.12 15:25:11.648,9.36646,9.36786,1.00,1.00
2017.09.12 15:25:12.094,9.36655,9.36795,1.00,1.00
2017.09.12 15:25:12.632,9.36654,9.36794,1.00,1.00
2017.09.12 15:25:17.588,9.36645,9.36785,1.00,1.00
2017.09.12 15:25:17.893,9.36624,9.36764,1.00,1.00
2017.09.12 15:25:18.198,9.36634,9.36774,1.00,1.00
2017.09.12 15:25:22.225,9.36634,9.36774,1.75,1.00
2017.09.12 15:25:22.277,9.36659,9.36799,1.00,1.00
2017.09.12 15:25:22.380,9.36669,9.36811,1.19,1.00
2017.09.12 15:25:22.483,9.36734,9.36874,1.00,1.00
2017.09.12 15:25:22.586,9.36708,9.36848,1.00,1.00
2017.09.12 15:25:22.892,9.36699,9.36839,1.00,1.00
2017.09.12 15:25:23.484,9.36697,9.36837,1.00,1.00
2017.09.12 15:25:23.789,9.36727,9.36869,1.00,1.00
2017.09.12 15:25:24.474,9.36738,9.36878,1.00,1.00
2017.09.12 15:25:24.780,9.36729,9.36869,1.00,1.00
2017.09.12 15:25:25.085,9.36744,9.36884,1.00,1.00
2017.09.12 15:25:25.397,9.36718,9.36858,1.00,1.00
2017.09.12 15:25:26.057,9.36709,9.36849,1.00,1.00
2017.09.12 15:25:27.077,9.36704,9.36846,1.00,1.00
2017.09.12 15:25:27.484,9.367,9.3684,1.00,1.00
2017.09.12 15:25:29.010,9.36692,9.36832,1.00,1.00
2017.09.12 15:25:29.319,9.36679,9.36819,1.00,1.00
2017.09.12 15:25:31.708,9.3667,9.3681,1.00,1.00
2017.09.12 15:25:32.013,9.36661,9.36801,1.00,1.00
2017.09.12 15:25:34.504,9.3667,9.3681,1.00,1.00
2017.09.12 15:25:34.809,9.36673,9.36813,1.00,1.00
2017.09.12 15:25:35.115,9.36683,9.36823,1.00,1.00
2017.09.12 15:25:35.216,9.3667,9.36812,1.00,1.00
2017.09.12 15:25:36.321,9.36675,9.36815,1.00,1.00
2017.09.12 15:25:41.902,9.36685,9.36825,1.00,1.00
2017.09.12 15:25:43.026,9.36676,9.36816,1.00,1.00
2017.09.12 15:25:43.332,9.36644,9.36784,1.00,1.00
2017.09.12 15:25:43.636,9.36656,9.36796,1.00,1.00
2017.09.12 15:25:44.708,9.36667,9.36807,1.00,1.00
2017.09.12 15:25:47.897,9.36677,9.36817,1.00,1.00
2017.09.12 15:25:48.306,9.36667,9.36809,1.00,1.00
2017.09.12 15:25:52.232,9.36663,9.36803,1.00,1.00
2017.09.12 15:25:54.154,9.36654,9.36794,1.00,1.00
2017.09.12 15:25:54.644,9.36654,9.36782,1.00,1.00
2017.09.12 15:25:54.695,9.36654,9.36794,1.00,1.94
2017.09.12 15:25:54.746,9.3662,9.3676,1.00,1.00
2017.09.12 15:25:54.848,9.36582,9.36722,1.00,1.00
2017.09.12 15:25:55.154,9.36597,9.36737,1.00,1.00
2017.09.12 15:25:55.490,9.36619,9.36759,1.00,1.00
2017.09.12 15:25:55.948,9.36609,9.36749,1.00,1.00
2017.09.12 15:25:56.252,9.36631,9.36771,1.00,1.00
2017.09.12 15:25:56.559,9.36626,9.36766,1.00,1.00
2017.09.12 15:25:57.142,9.36624,9.36764,1.00,1.00
2017.09.12 15:25:59.226,9.36615,9.36755,1.00,1.00
2017.09.12 15:25:59.548,9.36624,9.36764,1.00,1.00
2017.09.12 15:25:59.953,9.36634,9.36774,1.00,1.00
2017.09.12 15:26:00.239,9.36643,9.36785,1.00,1.00
2017.09.12 15:26:00.341,9.36652,9.36792,1.00,1.00
2017.09.12 15:26:00.645,9.36664,9.36804,1.00,1.00
2017.09.12 15:26:00.962,9.36652,9.36792,1.00,1.00
2017.09.12 15:26:02.069,9.36667,9.36809,1.00,1.00
2017.09.12 15:26:04.345,9.36677,9.36817,1.00,1.00
2017.09.12 15:26:06.183,9.36667,9.36807,1.00,1.00
2017.09.12 15:26:07.089,9.36658,9.36798,1.00,1.00
2017.09.12 15:26:07.395,9.36667,9.36807,1.00,1.00
2017.09.12 15:26:08.478,9.36661,9.36801,1.00,1.00
2017.09.12 15:26:09.254,9.36642,9.36782,1.00,1.00
2017.09.12 15:26:10.158,9.36631,9.36771,1.00,1.00
2017.09.12 15:26:10.463,9.36644,9.36784,1.00,1.00
2017.09.12 15:26:10.798,9.36636,9.36776,1.00,1.00
2017.09.12 15:26:11.765,9.36646,9.36786,1.00,1.00
2017.09.12 15:26:12.275,9.36643,9.36785,1.00,1.00
2017.09.12 15:26:12.375,9.36631,9.36771,1.00,1.00
2017.09.12 15:26:12.794,9.36641,9.36781,1.00,1.00
2017.09.12 15:26:13.098,9.3663,9.3677,1.00,1.00
2017.09.12 15:26:13.898,9.36639,9.36779,1.00,1.00
2017.09.12 15:26:14.203,9.36615,9.36755,1.00,1.00
2017.09.12 15:26:14.536,9.36569,9.36709,1.00,1.00
2017.09.12 15:26:14.842,9.36552,9.36692,1.00,1.00
2017.09.12 15:26:15.401,9.36543,9.36683,1.00,1.00
2017.09.12 15:26:15.709,9.36537,9.36677,1.00,1.00
2017.09.12 15:26:16.052,9.36521,9.36661,1.00,1.00
2017.09.12 15:26:16.358,9.36513,9.36653,1.00,1.00
2017.09.12 15:26:17.605,9.36522,9.36662,1.00,1.00
2017.09.12 15:26:18.972,9.3653,9.3667,1.00,1.00
2017.09.12 15:26:19.919,9.36521,9.36663,1.00,1.00
2017.09.12 15:26:23.017,9.36513,9.36653,1.00,1.00
2017.09.12 15:26:25.230,9.36523,9.36663,1.00,1.00
2017.09.12 15:26:25.565,9.36513,9.36653,1.00,1.00
2017.09.12 15:26:25.869,9.36523,9.36663,1.00,1.00
2017.09.12 15:26:26.216,9.36513,9.36653,1.00,1.00
2017.09.12 15:26:27.291,9.36525,9.36665,1.00,1.00
2017.09.12 15:26:27.599,9.36534,9.36674,1.00,1.00
2017.09.12 15:26:29.222,9.36525,9.36665,1.00,1.00
2017.09.12 15:26:31.314,9.36536,9.36676,1.00,1.00
2017.09.12 15:26:31.920,9.36544,9.36684,1.00,1.00
2017.09.12 15:26:32.124,9.36517,9.36659,1.00,1.00
2017.09.12 15:26:32.226,9.36527,9.36667,1.00,1.00
2017.09.12 15:26:32.540,9.36518,9.3666,1.00,1.00
2017.09.12 15:26:33.133,9.365,9.3664,1.00,1.00
2017.09.12 15:26:33.459,9.36509,9.36649,1.00,1.00
2017.09.12 15:26:33.713,9.36506,9.36648,1.00,1.00
2017.09.12 15:26:33.816,9.36516,9.36656,1.00,1.00
2017.09.12 15:26:35.306,9.36526,9.36666,1.00,1.00
2017.09.12 15:26:35.611,9.3655,9.3669,1.00,1.00
2017.09.12 15:26:41.136,9.36543,9.36683,1.00,1.00
2017.09.12 15:26:41.476,9.36546,9.36686,1.00,1.00
2017.09.12 15:26:42.062,9.36541,9.36681,1.00,1.00
2017.09.12 15:26:47.057,9.36552,9.36694,1.00,1.00
2017.09.12 15:26:47.159,9.36566,9.36708,1.00,1.00
2017.09.12 15:26:47.463,9.36565,9.36705,1.00,1.00
2017.09.12 15:26:47.810,9.36555,9.36695,1.00,1.00
2017.09.12 15:26:48.480,9.3657,9.3671,1.00,1.00
2017.09.12 15:26:50.062,9.36551,9.36691,1.00,1.00
2017.09.12 15:26:50.371,9.36544,9.36684,1.00,1.00
2017.09.12 15:26:50.718,9.36535,9.36675,1.00,1.00
2017.09.12 15:26:51.111,9.36561,9.36701,1.00,1.00
2017.09.12 15:26:52.245,9.36556,9.36696,1.00,1.00
2017.09.12 15:26:53.768,9.36543,9.36683,1.00,1.00
2017.09.12 15:26:54.085,9.36527,9.36667,1.94,1.00
2017.09.12 15:26:54.187,9.3652,9.36756,1.94,1.94
2017.09.12 15:26:54.289,9.36585,9.36725,1.00,1.19
2017.09.12 15:26:54.391,9.36571,9.36711,1.00,1.19
2017.09.12 15:26:54.493,9.36569,9.36709,1.00,1.00
2017.09.12 15:26:57.355,9.36553,9.36693,1.00,1.00
2017.09.12 15:26:57.659,9.36564,9.36704,1.00,1.00
2017.09.12 15:26:58.791,9.36553,9.36693,1.00,1.00
2017.09.12 15:26:59.306,9.3655,9.3669,1.00,1.00
2017.09.12 15:26:59.612,9.36545,9.36685,1.00,1.00
2017.09.12 15:27:00.670,9.36534,9.36674,1.00,1.00
2017.09.12 15:27:01.574,9.36524,9.36664,1.00,1.00
2017.09.12 15:27:03.082,9.36533,9.36673,1.00,1.00
2017.09.12 15:27:03.387,9.36553,9.36693,1.00,1.00
2017.09.12 15:27:03.693,9.36559,9.36699,1.00,1.00
2017.09.12 15:27:04.713,9.36549,9.36689,1.00,1.00
2017.09.12 15:27:05.024,9.36539,9.36679,1.00,1.00
2017.09.12 15:27:05.370,9.36549,9.36689,1.00,1.00
2017.09.12 15:27:06.015,9.36541,9.36681,1.00,1.00
2017.09.12 15:27:06.768,9.36544,9.36684,1.00,1.00
2017.09.12 15:27:07.797,9.36554,9.36694,1.00,1.00
2017.09.12 15:27:09.226,9.36553,9.36693,1.00,1.00
2017.09.12 15:27:10.704,9.36562,9.36702,1.00,1.00
2017.09.12 15:27:10.806,9.36571,9.36713,1.00,1.00
2017.09.12 15:27:11.111,9.36553,9.36693,1.00,1.00
2017.09.12 15:27:11.416,9.36564,9.36704,1.00,1.00
2017.09.12 15:27:12.086,9.36553,9.36693,1.00,1.00
2017.09.12 15:27:12.423,9.36556,9.36696,1.00,1.00
2017.09.12 15:27:14.024,9.36566,9.36706,1.00,1.00
2017.09.12 15:27:15.129,9.36552,9.36692,1.00,1.00
2017.09.12 15:27:16.031,9.36538,9.36678,1.00,1.00
2017.09.12 15:27:16.361,9.36547,9.36687,1.00,1.00
2017.09.12 15:27:16.715,9.36537,9.36677,1.00,1.00
2017.09.12 15:27:17.097,9.36546,9.36686,1.00,1.00
2017.09.12 15:27:19.431,9.36536,9.36676,1.00,1.00
2017.09.12 15:27:20.199,9.36547,9.36687,1.00,1.00
2017.09.12 15:27:20.505,9.36538,9.36678,1.00,1.00
2017.09.12 15:27:21.076,9.36539,9.36679,1.00,1.00
2017.09.12 15:27:25.048,9.36549,9.36689,1.00,1.00
2017.09.12 15:27:25.364,9.36559,9.36699,1.00,1.00
2017.09.12 15:27:27.130,9.36548,9.36688,1.00,1.00
2017.09.12 15:27:30.151,9.36557,9.36697,1.00,1.00
2017.09.12 15:27:30.465,9.36567,9.36707,1.00,1.00
2017.09.12 15:27:32.243,9.3657,9.3671,1.00,1.00
2017.09.12 15:27:32.769,9.36581,9.36723,1.00,1.00
2017.09.12 15:27:38.203,9.36572,9.36712,1.00,1.00
2017.09.12 15:27:38.755,9.36571,9.36711,1.00,1.00
2017.09.12 15:27:41.574,9.36556,9.36698,1.00,1.00
2017.09.12 15:27:41.676,9.3656,9.367,1.00,1.00
2017.09.12 15:27:44.493,9.36569,9.36709,1.00,1.00
2017.09.12 15:27:44.836,9.36567,9.36707,1.00,1.00
2017.09.12 15:27:48.821,9.3658,9.3672,1.00,1.00
2017.09.12 15:27:49.408,9.36571,9.36711,1.00,1.00
2017.09.12 15:27:51.307,9.36559,9.36699,1.00,1.00
2017.09.12 15:27:51.713,9.3657,9.3671,1.00,1.00
2017.09.12 15:27:52.244,9.36567,9.36707,1.00,1.00
2017.09.12 15:27:54.329,9.36576,9.36716,1.00,1.00
2017.09.12 15:27:54.634,9.36567,9.36707,1.00,1.00
2017.09.12 15:27:55.040,9.36571,9.36711,1.00,1.00
2017.09.12 15:27:56.875,9.3659,9.3673,1.00,1.00
2017.09.12 15:28:01.384,9.36578,9.36718,1.00,1.00
2017.09.12 15:28:01.691,9.36597,9.36737,1.00,1.00
2017.09.12 15:28:02.010,9.36593,9.36733,1.00,1.00
2017.09.12 15:28:03.359,9.36581,9.36721,1.00,1.00
2017.09.12 15:28:03.977,9.36562,9.36704,1.00,1.00
2017.09.12 15:28:04.283,9.36577,9.36717,1.00,1.00
2017.09.12 15:28:04.601,9.36568,9.36708,1.00,1.00
2017.09.12 15:28:06.482,9.36556,9.36698,1.00,1.00
2017.09.12 15:28:06.584,9.36548,9.36688,1.00,1.00
2017.09.12 15:28:06.670,9.36538,9.3668,1.00,1.00
2017.09.12 15:28:06.975,9.36542,9.36684,1.00,1.00
2017.09.12 15:28:07.281,9.36521,9.36663,1.00,1.00
2017.09.12 15:28:07.632,9.36513,9.36653,1.00,1.00
2017.09.12 15:28:08.515,9.36496,9.36636,1.00,1.00
2017.09.12 15:28:12.310,9.3649,9.3663,1.00,1.00
2017.09.12 15:28:12.653,9.36501,9.36641,1.00,1.00
2017.09.12 15:28:15.645,9.36493,9.36633,1.00,1.00
2017.09.12 15:28:17.254,9.36483,9.36623,1.00,1.00
2017.09.12 15:28:19.520,9.36494,9.36634,1.00,1.00
2017.09.12 15:28:19.852,9.36489,9.36629,1.00,1.00
2017.09.12 15:28:20.556,9.36479,9.36619,1.00,1.00
2017.09.12 15:28:20.860,9.36488,9.36628,1.00,1.00
2017.09.12 15:28:21.172,9.3648,9.3662,1.00,1.00
2017.09.12 15:28:21.577,9.36483,9.3662,1.00,1.00
2017.09.12 15:28:21.629,9.36504,9.36644,1.00,1.00
2017.09.12 15:28:21.732,9.36492,9.36634,1.00,1.00
2017.09.12 15:28:22.038,9.3648,9.3662,1.00,1.00
2017.09.12 15:28:22.377,9.36494,9.36634,1.00,1.00
2017.09.12 15:28:23.477,9.36504,9.36644,1.00,1.00
2017.09.12 15:28:24.030,9.36496,9.36636,1.00,1.00
2017.09.12 15:28:24.845,9.36484,9.36624,1.00,1.00
2017.09.12 15:28:29.559,9.36476,9.36616,1.00,1.00
2017.09.12 15:28:31.568,9.36486,9.36626,1.00,1.00
2017.09.12 15:28:32.247,9.36483,9.36623,1.00,1.00
2017.09.12 15:28:36.373,9.36472,9.36612,1.00,1.00
2017.09.12 15:28:36.576,9.36463,9.36605,1.00,1.00
2017.09.12 15:28:41.114,9.36451,9.36593,1.00,1.00
2017.09.12 15:28:41.441,9.36442,9.36582,1.00,1.00
2017.09.12 15:28:43.321,9.36451,9.36591,1.00,1.00
2017.09.12 15:28:47.503,9.3644,9.3658,1.00,1.00
2017.09.12 15:28:49.695,9.3645,9.36592,1.00,1.00
2017.09.12 15:28:52.288,9.36445,9.36585,1.00,1.00
2017.09.12 15:28:52.491,9.36447,9.36589,1.00,1.00
2017.09.12 15:28:54.118,9.36464,9.36604,1.00,1.00
2017.09.12 15:28:54.435,9.36486,9.36626,1.00,1.00
2017.09.12 15:28:54.792,9.36471,9.36611,1.00,1.00
2017.09.12 15:28:57.591,9.36479,9.36619,1.00,1.00
2017.09.12 15:28:57.896,9.36497,9.36639,1.00,1.00
2017.09.12 15:29:00.817,9.36507,9.36647,1.00,1.00
2017.09.12 15:29:01.155,9.36516,9.36656,1.00,1.00
2017.09.12 15:29:01.461,9.36506,9.36636,1.00,1.00
2017.09.12 15:29:01.512,9.36471,9.36611,1.00,1.00
2017.09.12 15:29:01.615,9.36462,9.36596,1.00,1.38
2017.09.12 15:29:01.717,9.36432,9.36572,1.00,1.00
2017.09.12 15:29:01.768,9.36432,9.36567,1.00,1.00
2017.09.12 15:29:01.820,9.36407,9.36547,1.00,1.00
2017.09.12 15:29:01.921,9.36418,9.36558,1.00,1.00
2017.09.12 15:29:02.458,9.36419,9.36559,1.00,1.00
2017.09.12 15:29:04.407,9.36434,9.36574,1.00,1.00
2017.09.12 15:29:04.732,9.36412,9.36552,1.00,1.00
2017.09.12 15:29:05.033,9.3644,9.3658,1.00,1.00
2017.09.12 15:29:05.339,9.36453,9.36593,1.00,1.00
2017.09.12 15:29:05.672,9.36444,9.36584,1.00,1.00
2017.09.12 15:29:06.838,9.36444,9.36584,1.00,1.19
2017.09.12 15:29:06.941,9.36419,9.36559,1.00,1.00
2017.09.12 15:29:08.477,9.36419,9.36559,1.00,1.44
2017.09.12 15:29:08.529,9.364,9.3654,1.00,1.00
2017.09.12 15:29:08.630,9.36392,9.36532,1.00,1.00
2017.09.12 15:29:08.936,9.36399,9.36476,1.00,1.00
2017.09.12 15:29:08.988,9.36399,9.3649,1.00,1.00
2017.09.12 15:29:09.040,9.36362,9.36462,1.00,1.38
2017.09.12 15:29:09.091,9.3633,9.36386,2.50,1.00
2017.09.12 15:29:09.211,9.36248,9.36372,1.00,1.00
2017.09.12 15:29:09.262,9.36212,9.36352,1.00,1.00
2017.09.12 15:29:09.313,9.36168,9.36308,1.00,1.00
2017.09.12 15:29:09.618,9.36157,9.36297,1.00,1.00
2017.09.12 15:29:09.924,9.36202,9.36342,1.00,1.00
2017.09.12 15:29:10.230,9.36192,9.36332,1.00,1.00
2017.09.12 15:29:10.570,9.36201,9.36341,1.00,1.00
2017.09.12 15:29:10.926,9.36192,9.36332,1.00,1.00
2017.09.12 15:29:13.238,9.36196,9.36336,1.00,1.00
2017.09.12 15:29:14.342,9.36187,9.36327,1.00,1.00
2017.09.12 15:29:15.043,9.3617,9.3631,1.00,1.00
2017.09.12 15:29:15.348,9.36153,9.36293,1.00,1.00
2017.09.12 15:29:15.684,9.36162,9.36302,1.00,1.00
2017.09.12 15:29:18.347,9.36154,9.36294,1.00,1.00
2017.09.12 15:29:21.237,9.36164,9.36304,1.00,1.00
2017.09.12 15:29:22.346,9.36166,9.36306,1.00,1.00
2017.09.12 15:29:23.755,9.36154,9.36294,1.00,1.00
2017.09.12 15:29:24.228,9.36163,9.36303,1.00,1.00
2017.09.12 15:29:28.755,9.36153,9.36293,1.00,1.00
2017.09.12 15:29:29.255,9.36147,9.36287,1.00,1.00
2017.09.12 15:29:29.560,9.36112,9.36252,1.00,1.00
2017.09.12 15:29:32.271,9.36113,9.36253,1.00,1.00
2017.09.12 15:29:32.776,9.36122,9.36262,1.00,1.00
2017.09.12 15:29:33.557,9.36113,9.36253,1.00,1.00
2017.09.12 15:29:36.307,9.36124,9.36264,1.00,1.00
2017.09.12 15:29:43.887,9.36123,9.36263,1.00,1.00
2017.09.12 15:29:44.471,9.36123,9.3626,1.00,1.00
2017.09.12 15:29:44.523,9.361,9.3624,1.00,1.00
2017.09.12 15:29:45.082,9.36096,9.36236,1.00,1.00
2017.09.12 15:29:48.183,9.36086,9.36226,1.00,1.00
2017.09.12 15:29:50.116,9.36078,9.36218,1.00,1.00
2017.09.12 15:29:50.836,9.36087,9.36229,1.00,1.00
2017.09.12 15:29:52.297,9.36056,9.36196,1.00,1.00
2017.09.12 15:29:52.602,9.36053,9.36193,1.00,1.00
2017.09.12 15:29:55.320,9.36062,9.36202,1.00,1.00
2017.09.12 15:29:56.331,9.36072,9.36212,1.00,1.00
2017.09.12 15:29:56.680,9.3606,9.362,1.00,1.00
2017.09.12 15:29:58.611,9.36068,9.3621,1.00,1.00
2017.09.12 15:29:58.814,9.36059,9.36199,1.00,1.00
2017.09.12 15:30:00.946,9.36051,9.36191,1.00,1.00
2017.09.12 15:30:01.291,9.36041,9.36181,1.94,1.00
2017.09.12 15:30:01.393,9.36041,9.36181,1.00,1.00
2017.09.12 15:30:01.644,9.36048,9.3619,1.00,1.00
2017.09.12 15:30:04.937,9.3604,9.3618,1.31,1.00
2017.09.12 15:30:05.140,9.36051,9.36191,1.00,1.00
2017.09.12 15:30:05.242,9.3606,9.362,1.00,1.00
2017.09.12 15:30:08.464,9.36073,9.36215,1.00,1.00
2017.09.12 15:30:09.422,9.36084,9.36224,1.00,1.00
2017.09.12 15:30:10.524,9.36087,9.36227,1.00,1.00
2017.09.12 15:30:12.267,9.36083,9.36225,1.00,1.00
2017.09.12 15:30:12.768,9.36076,9.36216,1.00,1.00
2017.09.12 15:30:13.085,9.36088,9.36228,1.00,1.00
2017.09.12 15:30:13.391,9.36096,9.36236,1.00,1.00
2017.09.12 15:30:13.977,9.36109,9.36249,1.00,1.00
2017.09.12 15:30:14.304,9.36114,9.36254,1.00,1.00
2017.09.12 15:30:15.053,9.36123,9.36263,1.00,1.00
2017.09.12 15:30:15.961,9.36124,9.36264,1.00,1.00
2017.09.12 15:30:16.479,9.36133,9.36273,1.00,1.00
2017.09.12 15:30:16.797,9.36143,9.36283,1.00,1.00
2017.09.12 15:30:17.280,9.36152,9.36292,1.00,1.00
2017.09.12 15:30:17.607,9.36148,9.36288,1.00,1.00
2017.09.12 15:30:18.133,9.36147,9.36287,1.00,1.00
2017.09.12 15:30:18.438,9.36138,9.36278,1.00,1.00
2017.09.12 15:30:18.743,9.36149,9.36289,1.00,1.00
2017.09.12 15:30:19.755,9.36153,9.36293,1.00,1.00
2017.09.12 15:30:20.354,9.36145,9.36285,1.00,1.00
2017.09.12 15:30:22.760,9.36137,9.36277,1.00,1.00
2017.09.12 15:30:26.078,9.3613,9.3627,1.00,1.00
2017.09.12 15:30:31.468,9.36119,9.36259,1.00,1.00
2017.09.12 15:30:32.212,9.36118,9.36258,1.00,1.00
2017.09.12 15:30:33.291,9.36108,9.36248,1.00,1.00
2017.09.12 15:30:35.221,9.36097,9.36237,1.00,1.00
2017.09.12 15:30:35.749,9.36096,9.36236,1.00,1.00
2017.09.12 15:30:36.054,9.36104,9.36244,1.00,1.00
2017.09.12 15:30:39.737,9.36114,9.36254,1.00,1.00
2017.09.12 15:30:40.042,9.36128,9.36268,1.00,1.00
2017.09.12 15:30:40.391,9.36142,9.36282,1.00,1.00
2017.09.12 15:30:40.899,9.36136,9.36276,1.00,1.00
2017.09.12 15:30:41.223,9.36155,9.36295,1.00,1.00
2017.09.12 15:30:41.527,9.36145,9.36285,1.00,1.00
2017.09.12 15:30:46.312,9.36155,9.36295,1.00,1.00
2017.09.12 15:30:48.618,9.3616,9.363,1.00,1.00
2017.09.12 15:30:51.683,9.3616,9.363,1.19,1.00
2017.09.12 15:30:51.736,9.36237,9.36377,1.00,1.00
2017.09.12 15:30:51.838,9.36225,9.36367,1.00,1.00
2017.09.12 15:30:51.939,9.36267,9.36407,1.00,1.00
2017.09.12 15:30:52.245,9.36329,9.36469,1.00,1.00
2017.09.12 15:30:52.626,9.36351,9.36491,1.00,1.00
2017.09.12 15:30:52.780,9.36386,9.36528,1.00,1.00
2017.09.12 15:30:53.136,9.36377,9.36517,1.00,1.00
2017.09.12 15:30:53.977,9.36369,9.36509,1.00,1.00
2017.09.12 15:30:54.282,9.36377,9.36517,1.00,1.00
2017.09.12 15:30:54.651,9.36367,9.36507,1.00,1.00
2017.09.12 15:30:54.963,9.36381,9.36521,1.00,1.00
2017.09.12 15:30:55.280,9.36389,9.36529,1.00,1.00
2017.09.12 15:30:55.600,9.36397,9.36537,1.00,1.00
2017.09.12 15:30:57.196,9.36386,9.36528,1.00,1.00
2017.09.12 15:31:00.611,9.36402,9.36542,1.00,1.00
2017.09.12 15:31:00.916,9.3641,9.36552,1.00,1.00
2017.09.12 15:31:01.274,9.36438,9.36578,1.00,1.00
2017.09.12 15:31:01.580,9.36428,9.36568,1.00,1.00
2017.09.12 15:31:02.310,9.36438,9.36578,1.00,1.00
2017.09.12 15:31:02.612,9.36429,9.36569,1.00,1.00
2017.09.12 15:31:02.917,9.36431,9.36571,1.00,1.00
2017.09.12 15:31:06.011,9.36443,9.36583,1.00,1.00
2017.09.12 15:31:06.315,9.36435,9.36575,1.00,1.00
2017.09.12 15:31:12.240,9.3643,9.3657,1.00,1.00
2017.09.12 15:31:20.327,9.36439,9.36579,1.00,1.00
2017.09.12 15:31:20.945,9.36429,9.36569,1.00,1.00
2017.09.12 15:31:21.295,9.36438,9.36578,1.00,1.00
2017.09.12 15:31:31.280,9.36446,9.36586,1.00,1.00
2017.09.12 15:31:32.311,9.36439,9.36579,1.00,1.00
2017.09.12 15:31:33.791,9.36448,9.36588,1.00,1.00
2017.09.12 15:31:34.295,9.36457,9.36597,1.00,1.00
2017.09.12 15:31:35.393,9.3646,9.366,1.00,1.00
2017.09.12 15:31:36.676,9.3645,9.3659,1.00,1.00
2017.09.12 15:31:36.994,9.36465,9.36605,1.00,1.00
2017.09.12 15:31:37.869,9.36454,9.36594,1.00,1.00
2017.09.12 15:31:38.175,9.36464,9.36604,1.00,1.00
2017.09.12 15:31:39.111,9.36458,9.36598,1.00,1.00
2017.09.12 15:31:45.824,9.36461,9.36601,1.00,1.00
2017.09.12 15:31:46.136,9.3645,9.3659,1.00,1.00
2017.09.12 15:31:46.485,9.36466,9.36606,1.00,1.00
2017.09.12 15:31:46.801,9.36461,9.36601,1.00,1.00
2017.09.12 15:31:50.839,9.36452,9.36592,1.00,1.00
2017.09.12 15:31:52.241,9.36449,9.36589,1.00,1.00
2017.09.12 15:31:57.455,9.36435,9.36575,1.00,1.00
2017.09.12 15:31:59.660,9.36445,9.36585,1.00,1.00
2017.09.12 15:32:05.369,9.36424,9.3653,1.00,1.00
2017.09.12 15:32:05.420,9.3639,9.3653,1.00,1.00
2017.09.12 15:32:05.472,9.36416,9.3655,1.00,1.00
2017.09.12 15:32:05.523,9.36416,9.36558,1.00,1.00
2017.09.12 15:32:05.574,9.36426,9.36566,1.00,1.00
2017.09.12 15:32:05.881,9.36399,9.36539,1.00,1.00
2017.09.12 15:32:06.224,9.36411,9.36551,1.00,1.00
2017.09.12 15:32:07.376,9.36406,9.36546,1.00,1.00
2017.09.12 15:32:07.681,9.36414,9.36554,1.00,1.00
2017.09.12 15:32:12.204,9.36411,9.36551,1.00,1.00
2017.09.12 15:32:15.615,9.3639,9.36529,1.00,1.00
2017.09.12 15:32:15.717,9.3638,9.3652,1.00,1.00
2017.09.12 15:32:18.901,9.36371,9.36513,1.00,1.00
2017.09.12 15:32:19.004,9.3636,9.365,1.00,1.00
2017.09.12 15:32:19.441,9.36368,9.36508,1.00,1.00
2017.09.12 15:32:21.346,9.36358,9.36498,1.00,1.00
2017.09.12 15:32:32.252,9.36355,9.36495,1.00,1.00
2017.09.12 15:32:52.294,9.36357,9.36497,1.00,1.00
2017.09.12 15:32:52.990,9.36344,9.36484,1.00,1.00
2017.09.12 15:32:53.417,9.36364,9.36504,1.00,1.00
2017.09.12 15:32:53.724,9.36385,9.36525,1.00,1.00
2017.09.12 15:32:54.031,9.36372,9.36512,1.00,1.00
2017.09.12 15:33:12.262,9.3637,9.3651,1.00,1.00
2017.09.12 15:33:14.465,9.3638,9.3652,1.00,1.00
2017.09.12 15:33:14.847,9.36369,9.36509,1.00,1.00
2017.09.12 15:33:19.651,9.36378,9.36518,1.00,1.00
2017.09.12 15:33:20.291,9.36401,9.36541,1.00,1.00
2017.09.12 15:33:20.596,9.36416,9.36556,1.00,1.00
2017.09.12 15:33:26.473,9.36424,9.36564,1.00,1.00
2017.09.12 15:33:27.189,9.36441,9.36581,1.00,1.00
2017.09.12 15:33:27.496,9.36451,9.36591,1.00,1.00
2017.09.12 15:33:27.801,9.3646,9.366,1.00,1.00
2017.09.12 15:33:31.900,9.36476,9.36616,1.00,1.00
2017.09.12 15:33:34.215,9.36516,9.36656,1.00,1.00
2017.09.12 15:33:34.519,9.36527,9.36667,1.00,1.00
2017.09.12 15:33:40.988,9.36517,9.36659,1.00,1.00
2017.09.12 15:33:42.103,9.36531,9.36671,1.00,1.00
2017.09.12 15:33:50.834,9.36521,9.36661,1.00,1.00
2017.09.12 15:33:52.233,9.36529,9.36669,1.00,1.00
2017.09.12 15:33:52.767,9.3653,9.3667,1.00,1.00
2017.09.12 15:34:01.853,9.3653,9.36666,1.00,1.00
2017.09.12 15:34:01.955,9.36519,9.36656,1.00,1.00
2017.09.12 15:34:02.056,9.36496,9.36636,1.00,1.00
2017.09.12 15:34:02.158,9.36485,9.36625,1.00,1.00
2017.09.12 15:34:03.662,9.36476,9.36616,1.00,1.00
2017.09.12 15:34:06.774,9.36462,9.36602,1.00,1.00
2017.09.12 15:34:07.079,9.36449,9.36589,1.00,1.00
2017.09.12 15:34:07.384,9.36437,9.36577,1.00,1.00
2017.09.12 15:34:08.076,9.36422,9.36562,1.00,1.00
2017.09.12 15:34:10.266,9.36448,9.36588,1.00,1.00
2017.09.12 15:34:10.571,9.36469,9.36609,1.00,1.00
2017.09.12 15:34:18.261,9.36443,9.36583,1.00,1.00
2017.09.12 15:34:21.395,9.36434,9.36574,1.00,1.00
2017.09.12 15:34:22.105,9.36425,9.36565,1.00,1.00
2017.09.12 15:34:24.823,9.36435,9.36575,1.00,1.00
2017.09.12 15:34:27.491,9.36447,9.36587,1.00,1.00
2017.09.12 15:34:27.797,9.36457,9.36597,1.00,1.00
2017.09.12 15:34:28.636,9.36466,9.36606,1.00,1.00
2017.09.12 15:34:29.992,9.36456,9.36596,1.00,1.00
2017.09.12 15:34:31.617,9.36467,9.36607,1.00,1.00
2017.09.12 15:34:32.354,9.36462,9.36602,1.00,1.00
2017.09.12 15:34:32.678,9.36471,9.36611,1.00,1.00
2017.09.12 15:34:32.984,9.36488,9.36628,1.00,1.00
2017.09.12 15:34:33.326,9.3648,9.3662,1.00,1.00
2017.09.12 15:34:33.631,9.3649,9.3663,1.00,1.00
2017.09.12 15:34:34.656,9.36477,9.36617,1.00,1.00
2017.09.12 15:34:37.064,9.36489,9.36629,1.00,1.00
2017.09.12 15:34:39.342,9.36498,9.36638,1.00,1.00
2017.09.12 15:34:39.679,9.36507,9.36647,1.00,1.00
2017.09.12 15:34:41.688,9.36498,9.36638,1.00,1.00
2017.09.12 15:34:42.466,9.36507,9.36647,1.00,1.00
2017.09.12 15:34:46.287,9.36516,9.36656,1.00,1.00
2017.09.12 15:34:47.207,9.36507,9.36647,1.00,1.00
2017.09.12 15:34:52.188,9.36505,9.36645,1.00,1.00
2017.09.12 15:34:56.514,9.36516,9.36656,1.00,1.00
2017.09.12 15:34:56.818,9.36504,9.36644,1.00,1.00
2017.09.12 15:34:59.221,9.36495,9.36635,1.00,1.00
2017.09.12 15:34:59.424,9.36505,9.36647,1.00,1.00
2017.09.12 15:34:59.627,9.36497,9.36637,1.00,1.00
2017.09.12 15:35:00.066,9.36506,9.36648,1.00,1.00
2017.09.12 15:35:00.923,9.3649,9.3663,1.00,1.00
2017.09.12 15:35:01.638,9.36492,9.36632,1.00,1.00
2017.09.12 15:35:01.974,9.36483,9.36623,1.00,1.00
2017.09.12 15:35:02.365,9.36493,9.36633,1.00,1.00
2017.09.12 15:35:07.427,9.36492,9.36634,1.00,1.00
2017.09.12 15:35:12.235,9.3649,9.3663,1.00,1.00
2017.09.12 15:35:13.982,9.36499,9.36639,1.00,1.00
2017.09.12 15:35:14.445,9.3649,9.3663,1.00,1.00
2017.09.12 15:35:15.682,9.36499,9.36639,1.00,1.00
2017.09.12 15:35:20.290,9.365,9.36642,1.00,1.00
2017.09.12 15:35:20.989,9.3649,9.3663,1.00,1.00
2017.09.12 15:35:24.480,9.36497,9.36637,1.00,1.00
2017.09.12 15:35:25.413,9.36509,9.36651,1.00,1.00
2017.09.12 15:35:25.514,9.365,9.3664,1.00,1.00
2017.09.12 15:35:26.106,9.36509,9.36649,1.00,1.00
2017.09.12 15:35:26.411,9.36499,9.36639,1.00,1.00
2017.09.12 15:35:27.513,9.36508,9.36648,1.00,1.00
2017.09.12 15:35:31.201,9.36531,9.36668,1.00,1.00
2017.09.12 15:35:31.252,9.36531,9.36671,1.00,1.00
2017.09.12 15:35:31.404,9.3652,9.3666,1.00,1.00
2017.09.12 15:35:32.196,9.36527,9.36667,1.00,1.00
2017.09.12 15:35:52.332,9.36523,9.36663,1.00,1.00
2017.09.12 15:35:55.152,9.36521,9.36661,1.00,1.00
2017.09.12 15:36:11.601,9.36509,9.36649,1.00,1.00
2017.09.12 15:36:12.104,9.36499,9.36639,1.00,1.00
2017.09.12 15:36:12.529,9.36495,9.36635,1.00,1.00
2017.09.12 15:36:20.101,9.36503,9.36643,1.00,1.00
2017.09.12 15:36:20.930,9.36513,9.36653,1.00,1.00
2017.09.12 15:36:22.529,9.36503,9.36643,1.00,1.00
2017.09.12 15:36:23.758,9.36505,9.36643,1.20,1.00
2017.09.12 15:36:23.809,9.36569,9.36709,1.00,1.00
2017.09.12 15:36:23.911,9.36581,9.36721,1.00,1.00
2017.09.12 15:36:24.421,9.36582,9.36722,1.00,1.00
2017.09.12 15:36:24.966,9.36581,9.36723,1.00,1.00
2017.09.12 15:36:30.772,9.36591,9.36731,1.00,1.00
2017.09.12 15:36:31.077,9.36599,9.36741,1.00,1.00
2017.09.12 15:36:32.274,9.36599,9.36739,1.00,1.00
2017.09.12 15:36:34.048,9.36607,9.36747,1.00,1.00
2017.09.12 15:36:42.191,9.36589,9.36729,1.00,1.00
2017.09.12 15:36:42.714,9.36598,9.36738,1.00,1.00
2017.09.12 15:36:46.389,9.3659,9.3673,1.00,1.00
2017.09.12 15:36:47.099,9.36605,9.36745,1.00,1.00
2017.09.12 15:36:51.424,9.36641,9.36745,1.00,1.00
2017.09.12 15:36:51.475,9.36605,9.36745,1.00,1.00
2017.09.12 15:36:51.526,9.36657,9.36745,1.00,1.00
2017.09.12 15:36:51.628,9.36676,9.36818,1.00,1.00
2017.09.12 15:36:51.935,9.36691,9.36831,1.00,1.00
2017.09.12 15:36:52.239,9.367,9.3684,1.00,1.00
2017.09.12 15:36:52.544,9.36703,9.36843,1.00,1.00
2017.09.12 15:36:52.849,9.36723,9.36863,1.00,1.00
2017.09.12 15:37:08.739,9.36732,9.36872,1.00,1.00
2017.09.12 15:37:11.631,9.3672,9.3686,1.00,1.00
2017.09.12 15:37:11.935,9.3673,9.3687,1.00,1.00
2017.09.12 15:37:12.242,9.36728,9.36868,1.00,1.00
2017.09.12 15:37:25.712,9.3673,9.3687,1.00,1.00
2017.09.12 15:37:26.016,9.36734,9.36874,1.00,1.00
2017.09.12 15:37:30.121,9.36724,9.36864,1.00,1.00
2017.09.12 15:37:32.299,9.36729,9.36869,1.00,1.00
2017.09.12 15:37:34.230,9.36728,9.36868,1.00,1.00
2017.09.12 15:37:37.415,9.36737,9.36877,1.00,1.00
2017.09.12 15:37:42.053,9.36726,9.36866,1.00,1.00
2017.09.12 15:37:42.358,9.36728,9.36868,1.00,1.00
2017.09.12 15:37:52.281,9.36728,9.3687,1.00,1.00
2017.09.12 15:38:03.115,9.36737,9.36877,1.00,1.00
2017.09.12 15:38:03.421,9.36764,9.36904,1.00,1.00
2017.09.12 15:38:03.777,9.36766,9.36908,1.00,1.00
2017.09.12 15:38:12.354,9.36765,9.36905,1.00,1.00
2017.09.12 15:38:32.266,9.36766,9.36906,1.00,1.00
2017.09.12 15:38:33.177,9.3675,9.3689,1.00,1.00
2017.09.12 15:38:33.489,9.3676,9.369,1.00,1.00
2017.09.12 15:38:38.703,9.36762,9.36902,1.00,1.00
2017.09.12 15:38:40.582,9.36766,9.36908,1.00,1.00
2017.09.12 15:38:43.220,9.36765,9.36905,1.00,1.00
2017.09.12 15:38:49.521,9.36754,9.36894,1.00,1.00
2017.09.12 15:38:52.243,9.36757,9.36899,1.00,1.00
2017.09.12 15:38:57.577,9.36749,9.36889,1.00,1.00
2017.09.12 15:38:58.230,9.36762,9.36902,1.00,1.00
2017.09.12 15:39:10.112,9.36763,9.36903,1.00,1.00
2017.09.12 15:39:11.085,9.36755,9.36895,1.00,1.00
2017.09.12 15:39:12.218,9.36764,9.36904,1.00,1.00
2017.09.12 15:39:17.924,9.3675,9.3689,1.00,1.00
2017.09.12 15:39:18.235,9.3676,9.369,1.00,1.00
2017.09.12 15:39:32.236,9.36762,9.36902,1.00,1.00
2017.09.12 15:39:34.859,9.3681,9.36922,1.00,1.00
2017.09.12 15:39:34.911,9.3681,9.3695,1.00,1.00
2017.09.12 15:39:34.962,9.36821,9.36961,1.00,1.00
2017.09.12 15:39:35.267,9.36846,9.36986,1.00,1.00
2017.09.12 15:39:35.573,9.3685,9.3699,1.00,1.00
2017.09.12 15:39:35.905,9.36885,9.37025,1.00,1.00
2017.09.12 15:39:36.216,9.36876,9.37016,1.00,1.00
2017.09.12 15:39:41.160,9.36866,9.37006,1.00,1.00
2017.09.12 15:39:41.466,9.36875,9.37015,1.00,1.00
2017.09.12 15:39:41.956,9.36885,9.37025,1.00,1.00
2017.09.12 15:39:42.548,9.36885,9.37027,1.00,1.00
2017.09.12 15:39:48.955,9.36894,9.37034,1.00,1.00
2017.09.12 15:39:51.502,9.36884,9.37024,1.00,1.00
2017.09.12 15:39:59.690,9.36893,9.37033,1.00,1.00
2017.09.12 15:40:00.384,9.36881,9.37023,1.00,1.00
2017.09.12 15:40:00.998,9.36872,9.37012,1.00,1.00
2017.09.12 15:40:01.405,9.36881,9.37021,1.00,1.00
2017.09.12 15:40:06.608,9.36863,9.37003,1.00,1.00
2017.09.12 15:40:11.957,9.36853,9.36993,1.00,1.00
2017.09.12 15:40:12.522,9.36852,9.36992,1.00,1.00
2017.09.12 15:40:16.365,9.36861,9.37001,1.00,1.00
2017.09.12 15:40:19.278,9.36871,9.37011,1.00,1.00
2017.09.12 15:40:19.593,9.36861,9.37001,1.00,1.00
2017.09.12 15:40:32.295,9.36864,9.37004,1.00,1.00
2017.09.12 15:40:53.855,9.36873,9.37013,1.00,1.00
2017.09.12 15:40:57.058,9.36864,9.37004,1.00,1.00
2017.09.12 15:40:58.245,9.36877,9.37017,1.00,1.00
2017.09.12 15:41:00.753,9.36868,9.37008,1.00,1.00
2017.09.12 15:41:08.882,9.36876,9.37018,1.00,1.00
2017.09.12 15:41:09.292,9.36867,9.37007,1.00,1.00
2017.09.12 15:41:09.596,9.36876,9.37016,1.00,1.00
2017.09.12 15:41:12.296,9.3688,9.3702,1.00,1.00
2017.09.12 15:41:12.812,9.3689,9.3703,1.00,1.00
2017.09.12 15:41:13.119,9.369,9.3704,1.00,1.00
2017.09.12 15:41:13.423,9.36908,9.37048,1.00,1.00
2017.09.12 15:41:13.728,9.36928,9.37062,1.00,1.00
2017.09.12 15:41:13.881,9.36918,9.37058,1.00,1.00
2017.09.12 15:41:14.185,9.36928,9.37068,1.00,1.00
2017.09.12 15:41:14.490,9.36948,9.37088,1.00,1.00
2017.09.12 15:41:15.490,9.36959,9.37099,1.00,1.00
2017.09.12 15:41:16.200,9.36949,9.37089,1.00,1.00
2017.09.12 15:41:18.330,9.3694,9.3708,1.00,1.00
2017.09.12 15:41:18.901,9.36942,9.37082,1.00,1.00
2017.09.12 15:41:19.206,9.36933,9.37073,1.00,1.00
2017.09.12 15:41:26.152,9.36924,9.37064,1.00,1.00
2017.09.12 15:41:26.254,9.36918,9.3706,1.00,1.00
2017.09.12 15:41:42.266,9.36932,9.37072,1.00,1.00
2017.09.12 15:41:42.368,9.36922,9.37064,1.00,1.00
2017.09.12 15:41:52.318,9.36921,9.37061,1.00,1.00
2017.09.12 15:42:12.355,9.36923,9.37063,1.00,1.00
2017.09.12 15:42:24.390,9.36938,9.37078,1.00,1.12
2017.09.12 15:42:25.635,9.36947,9.37087,1.00,1.00
2017.09.12 15:42:30.236,9.36956,9.37096,1.00,1.75
2017.09.12 15:42:30.592,9.36956,9.37096,1.00,1.00
2017.09.12 15:42:32.216,9.36955,9.37095,1.00,1.00
2017.09.12 15:42:32.420,9.36948,9.37088,1.00,1.00
2017.09.12 15:42:40.271,9.36948,9.37088,1.00,1.94
2017.09.12 15:42:40.423,9.36912,9.37052,1.00,1.00
2017.09.12 15:42:41.576,9.36902,9.37042,1.00,1.00
2017.09.12 15:42:42.048,9.36893,9.37033,1.00,1.00
2017.09.12 15:42:52.258,9.36892,9.37032,1.00,1.00
2017.09.12 15:42:59.024,9.36894,9.37032,1.00,1.00
2017.09.12 15:42:59.330,9.36928,9.37068,1.00,1.00
2017.09.12 15:42:59.433,9.3691,9.3705,1.00,1.00
2017.09.12 15:42:59.789,9.36886,9.37026,1.00,1.00
2017.09.12 15:43:00.095,9.36877,9.37017,1.00,1.00
2017.09.12 15:43:01.740,9.36863,9.37003,1.00,1.00
2017.09.12 15:43:01.842,9.36853,9.36995,1.00,1.00
2017.09.12 15:43:03.705,9.36854,9.36994,1.00,1.00
2017.09.12 15:43:03.807,9.36852,9.36992,1.00,1.00
2017.09.12 15:43:04.112,9.36829,9.36969,1.00,1.00
2017.09.12 15:43:04.736,9.36838,9.36978,1.00,1.00
2017.09.12 15:43:08.039,9.3682,9.3696,1.00,1.00
2017.09.12 15:43:12.294,9.36824,9.36964,1.00,1.00
2017.09.12 15:43:20.178,9.36789,9.36929,1.00,1.00
2017.09.12 15:43:20.483,9.36778,9.36918,1.00,1.00
2017.09.12 15:43:22.089,9.36764,9.36904,1.00,1.00
2017.09.12 15:43:22.751,9.36774,9.36914,1.00,1.00
2017.09.12 15:43:30.307,9.36765,9.36905,1.00,1.00
2017.09.12 15:43:32.197,9.36774,9.36914,1.00,1.00
2017.09.12 15:43:32.501,9.36755,9.36895,1.00,1.00
2017.09.12 15:43:32.806,9.36784,9.36924,1.00,1.00
2017.09.12 15:43:33.885,9.36786,9.36926,1.00,1.00
2017.09.12 15:43:34.189,9.3677,9.3691,1.00,1.00
2017.09.12 15:43:40.897,9.36778,9.3692,1.00,1.00
2017.09.12 15:43:42.103,9.36771,9.36911,1.00,1.00
2017.09.12 15:43:50.717,9.3678,9.3692,1.00,1.00
