2012.03.15 02:00:02.241,7.59412,7.59662,1.50,1.51
2012.03.15 02:00:03.345,7.59374,7.59626,1.50,1.50
2012.03.15 02:00:22.922,7.59374,7.59626,1.50,1.51
2012.03.15 02:00:22.994,7.59297,7.59597,1.50,1.51
2012.03.15 02:00:23.125,7.59247,7.59597,1.50,1.51
2012.03.15 02:00:24.653,7.59247,7.59597,1.50,1.51
2012.03.15 02:00:25.585,7.59247,7.59597,1.50,1.51
2012.03.15 02:00:31.048,7.59247,7.59582,1.50,1.51
2012.03.15 02:00:31.115,7.59297,7.59596,1.50,1.50
2012.03.15 02:00:41.910,7.59257,7.59596,1.50,1.50
2012.03.15 02:01:11.792,7.59257,7.59597,1.50,1.50
2012.03.15 02:01:20.007,7.59237,7.59583,1.50,1.50
2012.03.15 02:01:31.016,7.59258,7.59596,1.50,1.50
2012.03.15 02:01:31.081,7.59223,7.59596,1.50,1.50
2012.03.15 02:01:42.654,7.59222,7.59583,1.88,1.50
2012.03.15 02:01:42.912,7.59237,7.59583,1.50,1.50
2012.03.15 02:01:43.222,7.59254,7.59583,1.50,1.50
2012.03.15 02:01:55.452,7.59254,7.59573,1.50,1.50
2012.03.15 02:01:57.130,7.59254,7.59583,1.50,1.50
2012.03.15 02:01:57.225,7.59254,7.59573,1.50,1.50
2012.03.15 02:01:59.889,7.59254,7.59583,1.50,1.50
2012.03.15 02:02:01.905,7.59254,7.59573,1.50,1.50
2012.03.15 02:02:02.451,7.59254,7.59583,1.50,1.50
2012.03.15 02:02:05.158,7.59254,7.59573,1.50,1.50
2012.03.15 02:02:05.671,7.59254,7.59582,1.50,1.50
2012.03.15 02:02:17.287,7.59253,7.59582,1.50,1.50
2012.03.15 02:02:24.473,7.59253,7.59572,1.50,1.50
2012.03.15 02:02:28.164,7.59253,7.59572,1.50,1.50
2012.03.15 02:02:28.933,7.59253,7.59572,1.50,1.50
2012.03.15 02:02:29.370,7.59253,7.59572,1.50,1.50
2012.03.15 02:02:29.650,7.59253,7.59572,1.50,1.50
2012.03.15 02:02:29.872,7.59253,7.59572,1.50,1.50
2012.03.15 02:02:30.437,7.59253,7.59572,1.50,1.50
2012.03.15 02:02:30.800,7.59277,7.59563,1.50,1.50
2012.03.15 02:02:31.511,7.59277,7.59563,1.50,1.50
2012.03.15 02:02:32.503,7.59277,7.59563,1.50,1.50
2012.03.15 02:02:37.175,7.59277,7.59563,1.50,1.50
2012.03.15 02:02:38.442,7.59277,7.59563,1.50,1.50
2012.03.15 02:02:38.632,7.59277,7.59572,1.50,1.50
2012.03.15 02:02:38.853,7.59277,7.59573,1.50,1.50
2012.03.15 02:02:41.091,7.59277,7.59573,1.50,1.50
2012.03.15 02:02:41.163,7.59277,7.59573,1.50,1.50
2012.03.15 02:03:09.629,7.59277,7.59572,1.50,1.50
2012.03.15 02:03:35.499,7.59253,7.59573,1.50,1.50
2012.03.15 02:03:41.477,7.59254,7.59596,1.50,1.50
2012.03.15 02:03:42.759,7.59222,7.59597,1.13,1.50
2012.03.15 02:03:45.859,7.59222,7.59597,1.13,1.50
2012.03.15 02:03:46.486,7.59222,7.59597,1.13,1.50
2012.03.15 02:03:50.063,7.59222,7.59597,1.13,1.50
2012.03.15 02:03:50.621,7.59222,7.59596,1.13,1.50
2012.03.15 02:03:51.196,7.59222,7.59596,1.13,1.50
2012.03.15 02:03:53.569,7.59222,7.59596,1.13,1.50
2012.03.15 02:03:58.093,7.59222,7.59596,1.13,1.50
2012.03.15 02:03:58.713,7.59222,7.59572,1.13,1.50
2012.03.15 02:04:03.482,7.59222,7.59572,1.13,1.50
2012.03.15 02:04:04.144,7.59222,7.59573,1.13,1.50
2012.03.15 02:04:06.344,7.59222,7.59573,1.13,1.50
2012.03.15 02:04:07.474,7.59222,7.59573,1.13,1.50
2012.03.15 02:04:10.665,7.59222,7.59573,1.13,1.50
2012.03.15 02:04:11.534,7.59222,7.59573,1.13,1.50
2012.03.15 02:04:12.749,7.59222,7.59573,1.13,1.50
2012.03.15 02:04:13.777,7.59223,7.59572,1.50,1.50
2012.03.15 02:04:42.249,7.59253,7.59573,1.50,1.50
2012.03.15 02:04:59.243,7.59254,7.59596,1.50,1.50
2012.03.15 02:05:10.909,7.59254,7.59596,1.50,1.50
2012.03.15 02:05:39.204,7.59253,7.59597,1.50,1.50
2012.03.15 02:06:13.722,7.59168,7.59597,1.50,1.50
2012.03.15 02:06:15.176,7.59168,7.59597,1.50,1.50
2012.03.15 02:06:18.485,7.59168,7.59597,1.50,1.50
2012.03.15 02:06:19.408,7.59168,7.59597,1.50,1.50
2012.03.15 02:06:22.564,7.59168,7.59597,1.50,1.50
2012.03.15 02:06:23.570,7.59168,7.59597,1.50,1.50
2012.03.15 02:06:27.642,7.59168,7.59596,1.50,1.50
2012.03.15 02:06:28.283,7.59168,7.59597,1.50,1.50
2012.03.15 02:06:29.181,7.59168,7.59597,1.50,1.50
2012.03.15 02:06:29.751,7.59168,7.59597,1.50,1.50
2012.03.15 02:06:30.828,7.59168,7.59596,1.50,1.50
2012.03.15 02:06:31.414,7.59168,7.59597,1.50,1.50
2012.03.15 02:06:38.204,7.59168,7.59597,1.50,1.50
2012.03.15 02:06:38.865,7.59168,7.59596,1.50,1.50
2012.03.15 02:06:40.191,7.59168,7.59596,1.50,1.50
2012.03.15 02:06:40.833,7.59168,7.59596,1.50,1.50
2012.03.15 02:06:42.055,7.59168,7.59596,1.50,1.50
2012.03.15 02:06:43.103,7.59168,7.59596,1.50,1.50
2012.03.15 02:06:44.734,7.59223,7.59597,1.50,1.50
2012.03.15 02:06:55.202,7.59253,7.59597,1.50,1.50
2012.03.15 02:07:02.399,7.59253,7.59572,1.50,1.50
2012.03.15 02:07:07.951,7.59253,7.59572,1.50,1.50
2012.03.15 02:07:09.179,7.59253,7.59572,1.50,1.50
2012.03.15 02:07:09.239,7.59274,7.59572,1.50,1.50
2012.03.15 02:07:10.530,7.59253,7.59562,1.50,1.50
2012.03.15 02:07:16.041,7.59253,7.59562,1.50,1.50
2012.03.15 02:07:20.149,7.59253,7.59562,1.50,1.50
2012.03.15 02:07:32.700,7.59253,7.59562,1.50,1.50
2012.03.15 02:07:37.702,7.59254,7.59563,1.50,1.50
2012.03.15 02:07:58.258,7.59254,7.59563,1.50,1.50
2012.03.15 02:07:59.203,7.59254,7.59572,1.50,1.50
2012.03.15 02:08:11.638,7.59254,7.59572,1.50,1.50
2012.03.15 02:08:15.200,7.59254,7.59572,1.50,1.50
2012.03.15 02:08:16.891,7.59254,7.59572,1.50,1.50
2012.03.15 02:08:17.452,7.59254,7.59572,1.50,1.50
2012.03.15 02:08:26.687,7.59254,7.59573,1.50,1.50
2012.03.15 02:08:27.627,7.59253,7.59572,1.50,1.50
2012.03.15 02:08:44.860,7.59168,7.59572,1.50,1.50
2012.03.15 02:08:46.060,7.59168,7.59572,1.50,1.50
2012.03.15 02:08:47.285,7.59168,7.59572,1.50,1.50
2012.03.15 02:08:52.773,7.59168,7.59572,1.50,1.50
2012.03.15 02:08:52.913,7.59198,7.59572,1.50,1.50
2012.03.15 02:08:53.471,7.59198,7.59572,1.50,1.50
2012.03.15 02:08:54.293,7.59198,7.59572,1.50,1.50
2012.03.15 02:08:55.663,7.59198,7.59572,1.50,1.50
2012.03.15 02:09:01.236,7.59198,7.59573,1.50,1.50
2012.03.15 02:09:01.482,7.59168,7.59573,1.50,1.50
2012.03.15 02:09:15.835,7.59198,7.59573,1.50,1.50
2012.03.15 02:09:16.309,7.59253,7.59572,1.50,1.50
2012.03.15 02:09:52.530,7.59254,7.59573,1.50,1.50
2012.03.15 02:09:53.012,7.59254,7.59596,1.50,1.50
2012.03.15 02:10:38.573,7.59253,7.59573,1.50,1.50
2012.03.15 02:10:40.192,7.59253,7.59573,1.50,1.50
2012.03.15 02:10:46.839,7.59254,7.59573,1.50,1.50
2012.03.15 02:10:47.260,7.59254,7.59573,1.50,1.50
2012.03.15 02:11:15.859,7.59197,7.59572,1.50,1.50
2012.03.15 02:11:46.765,7.59237,7.59573,1.13,1.50
2012.03.15 02:11:47.334,7.59254,7.59596,1.50,1.50
2012.03.15 02:12:14.930,7.59253,7.59597,1.50,1.50
2012.03.15 02:12:43.161,7.59253,7.59597,1.50,1.50
2012.03.15 02:12:48.383,7.59253,7.59573,1.50,1.50
2012.03.15 02:12:49.142,7.59253,7.59573,1.50,1.50
2012.03.15 02:12:51.134,7.59253,7.59573,1.50,1.50
2012.03.15 02:12:53.615,7.59253,7.59573,1.50,1.50
2012.03.15 02:12:53.989,7.59253,7.59573,1.50,1.50
2012.03.15 02:12:54.558,7.59253,7.59573,1.50,1.50
2012.03.15 02:12:54.653,7.59253,7.59573,1.50,1.50
2012.03.15 02:12:54.870,7.59253,7.59573,1.50,1.50
2012.03.15 02:12:56.074,7.59253,7.59573,1.50,1.50
2012.03.15 02:12:56.269,7.59253,7.59573,1.50,1.50
2012.03.15 02:12:56.520,7.59253,7.59573,1.50,1.50
2012.03.15 02:13:00.695,7.59253,7.59573,1.50,1.50
2012.03.15 02:13:01.030,7.59253,7.59573,1.50,1.50
2012.03.15 02:13:01.314,7.59253,7.59573,1.50,1.50
2012.03.15 02:13:11.855,7.59254,7.59572,1.50,1.50
2012.03.15 02:13:12.446,7.59254,7.59573,1.50,1.50
2012.03.15 02:13:46.792,7.59197,7.59573,1.50,1.50
2012.03.15 02:13:51.764,7.59178,7.59573,1.50,1.51
2012.03.15 02:13:52.268,7.59178,7.59547,1.50,1.50
2012.03.15 02:14:17.653,7.59258,7.59523,1.50,1.50
2012.03.15 02:14:20.200,7.59258,7.59523,1.50,1.50
2012.03.15 02:14:46.201,7.59258,7.59543,1.50,1.50
2012.03.15 02:15:14.722,7.59253,7.59543,1.50,1.50
2012.03.15 02:16:11.842,7.59254,7.59542,1.50,1.50
2012.03.15 02:16:17.746,7.59198,7.59542,1.50,1.50
2012.03.15 02:16:17.942,7.59168,7.59547,1.50,1.50
2012.03.15 02:16:22.234,7.59168,7.59542,1.50,1.50
2012.03.15 02:16:22.393,7.59168,7.59547,1.50,1.50
2012.03.15 02:16:24.655,7.59168,7.59542,1.50,1.50
2012.03.15 02:16:24.922,7.59168,7.59547,1.50,1.50
2012.03.15 02:16:26.915,7.59168,7.59542,1.50,1.50
2012.03.15 02:16:37.682,7.59168,7.59547,1.50,1.50
2012.03.15 02:16:48.787,7.59218,7.59547,1.50,1.50
2012.03.15 02:16:49.125,7.59253,7.59547,1.50,1.50
2012.03.15 02:17:17.507,7.59253,7.59547,1.50,1.50
2012.03.15 02:18:14.285,7.59254,7.59546,1.50,1.50
2012.03.15 02:18:36.801,7.59254,7.59546,1.50,1.50
2012.03.15 02:18:42.747,7.59254,7.59546,1.50,1.50
2012.03.15 02:18:48.738,7.59168,7.59547,1.50,1.50
2012.03.15 02:18:48.879,7.59158,7.59546,2.17,1.50
2012.03.15 02:18:51.783,7.59094,7.59546,1.50,1.50
2012.03.15 02:19:02.648,7.59118,7.59546,1.50,1.50
2012.03.15 02:19:02.706,7.59118,7.59546,1.50,1.50
2012.03.15 02:19:04.377,7.59118,7.59546,1.50,1.50
2012.03.15 02:19:04.660,7.59118,7.59546,1.50,1.50
2012.03.15 02:19:05.394,7.59117,7.59547,1.50,1.50
2012.03.15 02:19:06.715,7.59117,7.59547,1.50,1.50
2012.03.15 02:19:07.522,7.59264,7.59546,1.50,1.50
2012.03.15 02:19:33.640,7.59284,7.59546,1.50,1.50
2012.03.15 02:19:35.170,7.59283,7.59547,1.50,1.50
2012.03.15 02:19:39.523,7.59307,7.59577,1.50,1.50
2012.03.15 02:19:39.651,7.59323,7.59577,1.50,1.50
2012.03.15 02:20:08.072,7.59324,7.59576,1.50,1.50
2012.03.15 02:20:36.471,7.59324,7.59576,1.50,1.50
2012.03.15 02:21:05.130,7.59323,7.59577,1.50,1.50
2012.03.15 02:21:33.465,7.59323,7.59577,1.50,1.50
2012.03.15 02:22:01.959,7.59323,7.59577,1.50,1.50
2012.03.15 02:22:30.651,7.59323,7.59577,1.50,1.50
2012.03.15 02:22:59.160,7.59324,7.59576,1.50,1.50
2012.03.15 02:23:56.066,7.59323,7.59577,1.50,1.50
2012.03.15 02:24:53.035,7.59323,7.59577,1.50,1.50
2012.03.15 02:26:18.383,7.59324,7.59576,1.50,1.50
2012.03.15 02:26:46.874,7.59324,7.59576,1.50,1.50
2012.03.15 02:26:47.627,7.59324,7.59576,1.50,1.50
2012.03.15 02:27:15.477,7.59324,7.59576,1.50,1.50
2012.03.15 02:27:26.562,7.59347,7.59696,1.50,1.50
2012.03.15 02:27:26.626,7.59424,7.59696,1.50,1.50
2012.03.15 02:27:31.350,7.59424,7.59653,1.50,1.50
2012.03.15 02:27:31.907,7.59423,7.59673,1.50,1.51
2012.03.15 02:27:33.941,7.59423,7.59673,1.50,1.51
2012.03.15 02:27:39.664,7.59423,7.59673,1.50,1.51
2012.03.15 02:27:40.556,7.59423,7.59673,1.50,1.51
2012.03.15 02:27:40.623,7.59423,7.59673,1.50,1.51
2012.03.15 02:27:40.913,7.59433,7.59672,1.05,1.51
2012.03.15 02:27:48.894,7.59433,7.59672,1.05,1.51
2012.03.15 02:27:52.969,7.59433,7.59672,1.05,1.51
2012.03.15 02:27:55.406,7.59433,7.59672,1.05,1.51
2012.03.15 02:27:55.477,7.59432,7.59703,1.05,1.51
2012.03.15 02:27:55.610,7.59432,7.59742,1.05,1.51
2012.03.15 02:27:56.595,7.59432,7.59742,1.05,1.51
2012.03.15 02:27:57.536,7.59432,7.59742,1.05,1.51
2012.03.15 02:27:58.518,7.59432,7.59742,1.05,1.51
2012.03.15 02:28:12.205,7.59432,7.59742,1.05,1.51
2012.03.15 02:28:12.284,7.59432,7.59732,1.05,1.51
2012.03.15 02:28:17.065,7.59448,7.59732,1.28,1.51
2012.03.15 02:28:17.370,7.59448,7.59732,1.50,1.51
2012.03.15 02:28:40.901,7.59457,7.59733,1.50,1.51
2012.03.15 02:29:12.396,7.59447,7.59733,1.50,1.50
2012.03.15 02:29:37.689,7.59448,7.59732,1.50,1.50
2012.03.15 02:30:06.158,7.59447,7.59756,1.50,1.50
2012.03.15 02:30:31.347,7.59448,7.59756,1.50,1.50
2012.03.15 02:30:32.377,7.59448,7.59732,1.50,1.50
2012.03.15 02:30:52.220,7.59438,7.59732,1.50,1.50
2012.03.15 02:30:52.650,7.59438,7.59732,1.50,1.50
2012.03.15 02:30:58.386,7.59438,7.59732,1.50,1.50
2012.03.15 02:30:59.783,7.59438,7.59732,1.50,1.50
2012.03.15 02:31:12.641,7.59437,7.59733,1.50,1.50
2012.03.15 02:31:23.677,7.59414,7.59732,1.50,1.50
2012.03.15 02:31:31.836,7.59397,7.59733,1.50,1.50
2012.03.15 02:31:52.327,7.59398,7.59732,1.50,1.50
2012.03.15 02:31:52.451,7.59398,7.59732,1.50,1.50
2012.03.15 02:31:54.628,7.59437,7.59733,1.50,1.50
2012.03.15 02:32:02.682,7.59437,7.59733,1.50,1.50
2012.03.15 02:32:07.902,7.59437,7.59733,1.50,1.50
2012.03.15 02:32:23.187,7.59438,7.59732,1.50,1.50
2012.03.15 02:32:28.917,7.59437,7.59733,1.50,1.50
2012.03.15 02:32:51.859,7.59438,7.59732,1.50,1.50
2012.03.15 02:32:57.307,7.59437,7.59733,1.50,1.50
2012.03.15 02:33:08.042,7.59437,7.59757,1.50,1.50
2012.03.15 02:33:20.323,7.59438,7.59756,1.50,1.50
2012.03.15 02:33:24.120,7.59438,7.59732,1.50,1.50
2012.03.15 02:33:25.204,7.59438,7.59732,1.50,1.50
2012.03.15 02:33:26.715,7.59438,7.59732,1.50,1.50
2012.03.15 02:33:48.787,7.59437,7.59733,1.50,1.50
2012.03.15 02:33:54.357,7.59438,7.59732,1.50,1.50
2012.03.15 02:34:22.827,7.59397,7.59733,1.50,1.50
2012.03.15 02:34:23.457,7.59398,7.59732,1.50,1.50
2012.03.15 02:34:26.769,7.59438,7.59757,1.50,1.50
2012.03.15 02:34:51.216,7.59437,7.59757,1.50,1.50
2012.03.15 02:34:54.463,7.59438,7.59757,1.50,1.50
2012.03.15 02:34:56.932,7.59438,7.59732,1.50,1.50
2012.03.15 02:35:20.077,7.59437,7.59733,1.50,1.50
2012.03.15 02:35:51.253,7.59438,7.59732,1.50,1.50
2012.03.15 02:35:58.533,7.59438,7.59756,1.50,1.50
2012.03.15 02:36:19.746,7.59437,7.59757,1.50,1.50
2012.03.15 02:36:25.766,7.59398,7.59756,1.50,1.50
2012.03.15 02:36:27.212,7.59398,7.59732,1.50,1.50
2012.03.15 02:36:45.353,7.59397,7.59733,1.50,1.50
2012.03.15 02:36:45.928,7.59397,7.59733,1.50,1.50
2012.03.15 02:36:56.757,7.59397,7.59733,1.50,1.50
2012.03.15 02:36:57.277,7.59438,7.59732,1.50,1.50
2012.03.15 02:37:13.689,7.59437,7.59733,1.50,1.50
2012.03.15 02:37:56.823,7.59437,7.59756,1.50,1.50
2012.03.15 02:38:22.324,7.59438,7.59756,1.50,1.50
2012.03.15 02:38:50.686,7.59437,7.59757,1.50,1.50
2012.03.15 02:38:56.775,7.59413,7.59757,1.50,1.50
2012.03.15 02:39:03.377,7.59398,7.59732,1.50,1.50
2012.03.15 02:39:03.701,7.59474,7.59733,1.50,1.51
2012.03.15 02:39:04.217,7.59397,7.59733,1.50,1.51
2012.03.15 02:39:04.750,7.59473,7.59733,1.50,1.51
2012.03.15 02:39:05.321,7.59473,7.59733,1.50,1.51
2012.03.15 02:39:05.586,7.59473,7.59733,1.13,1.51
2012.03.15 02:39:05.774,7.59472,7.59732,1.28,1.51
2012.03.15 02:39:56.030,7.59482,7.59732,1.05,1.51
2012.03.15 02:40:04.863,7.59482,7.59733,1.05,1.50
2012.03.15 02:40:09.563,7.59482,7.59733,1.05,1.50
2012.03.15 02:40:09.740,7.59482,7.59733,1.05,1.50
2012.03.15 02:40:15.013,7.59482,7.59733,1.05,1.50
2012.03.15 02:40:29.143,7.59482,7.59733,1.05,1.50
2012.03.15 02:40:31.012,7.59482,7.59733,1.05,1.50
2012.03.15 02:40:31.708,7.59482,7.59732,1.05,1.50
2012.03.15 02:40:33.337,7.59483,7.59733,1.05,1.50
2012.03.15 02:40:36.954,7.59483,7.59733,1.05,1.50
2012.03.15 02:40:37.085,7.59554,7.59762,1.50,1.51
2012.03.15 02:40:37.633,7.59472,7.59733,1.50,1.51
2012.03.15 02:40:38.010,7.59472,7.59757,1.50,1.51
2012.03.15 02:40:38.078,7.59503,7.59762,1.50,1.51
2012.03.15 02:40:38.994,7.59473,7.59762,1.50,1.51
2012.03.15 02:40:39.155,7.59473,7.59762,1.50,1.51
2012.03.15 02:40:39.225,7.59503,7.59762,1.50,1.51
2012.03.15 02:40:40.586,7.59428,7.59762,1.50,1.51
2012.03.15 02:40:40.714,7.59428,7.59762,1.28,1.51
2012.03.15 02:40:41.056,7.59503,7.59762,1.50,1.51
2012.03.15 02:40:42.077,7.59497,7.59762,1.13,1.51
2012.03.15 02:40:42.143,7.59428,7.59762,1.50,1.51
2012.03.15 02:40:42.281,7.59504,7.59762,1.50,1.51
2012.03.15 02:40:43.504,7.59427,7.59762,1.50,1.51
2012.03.15 02:40:43.662,7.59428,7.59762,1.28,1.51
2012.03.15 02:40:43.884,7.5942,7.59762,1.50,1.51
2012.03.15 02:40:43.955,7.59503,7.59762,1.50,1.51
2012.03.15 02:40:46.624,7.59428,7.59762,1.28,1.51
2012.03.15 02:40:47.054,7.59504,7.59762,1.50,1.51
2012.03.15 02:40:47.972,7.59497,7.59762,1.13,1.51
2012.03.15 02:40:48.043,7.59428,7.59762,1.50,1.51
2012.03.15 02:40:48.242,7.59497,7.59762,1.13,1.51
2012.03.15 02:40:48.600,7.59504,7.59762,1.50,1.51
2012.03.15 02:40:49.663,7.59427,7.59762,1.05,1.51
2012.03.15 02:40:49.903,7.59504,7.59762,1.50,1.51
2012.03.15 02:40:50.836,7.59497,7.59762,1.13,1.51
2012.03.15 02:40:50.905,7.59428,7.59762,1.50,1.51
2012.03.15 02:40:51.044,7.59472,7.59762,1.13,1.51
2012.03.15 02:40:51.374,7.59527,7.59762,1.05,1.51
2012.03.15 02:41:20.391,7.59532,7.59793,1.05,1.51
2012.03.15 02:41:37.150,7.59532,7.59803,1.05,2.25
2012.03.15 02:41:38.049,7.59523,7.59803,1.65,3.00
2012.03.15 02:42:06.698,7.59573,7.59802,1.50,1.50
2012.03.15 02:42:35.197,7.59573,7.59793,1.50,1.50
2012.03.15 02:43:29.466,7.59574,7.59793,1.50,1.50
2012.03.15 02:43:34.289,7.59573,7.59803,1.50,3.00
2012.03.15 02:44:29.212,7.59574,7.59802,1.50,1.50
2012.03.15 02:45:02.143,7.59574,7.59793,1.50,1.50
2012.03.15 02:45:06.833,7.59574,7.59802,1.50,1.50
2012.03.15 02:45:22.165,7.59574,7.59793,1.50,1.50
2012.03.15 02:45:22.441,7.59554,7.59782,1.50,1.50
2012.03.15 02:45:22.933,7.59554,7.59782,1.50,1.50
2012.03.15 02:45:50.673,7.59554,7.59783,1.50,1.50
2012.03.15 02:46:19.417,7.59553,7.59782,1.50,1.50
2012.03.15 02:46:23.316,7.59553,7.59807,1.50,1.50
2012.03.15 02:46:29.727,7.59498,7.59786,1.05,1.50
2012.03.15 02:46:58.243,7.59497,7.59786,1.05,1.50
2012.03.15 02:47:00.703,7.59473,7.59787,1.65,1.50
2012.03.15 02:47:29.408,7.59554,7.59806,1.50,1.50
2012.03.15 02:47:41.430,7.59554,7.59782,1.50,1.50
2012.03.15 02:47:42.158,7.59554,7.59782,1.50,1.50
2012.03.15 02:47:42.594,7.59554,7.59782,1.50,1.50
2012.03.15 02:47:43.343,7.59554,7.59782,1.50,1.50
2012.03.15 02:48:08.614,7.59554,7.59782,1.50,1.50
2012.03.15 02:48:09.135,7.59554,7.59782,1.50,1.50
2012.03.15 02:48:09.423,7.59494,7.59751,1.50,1.62
2012.03.15 02:48:09.493,7.59494,7.59751,1.50,1.62
2012.03.15 02:48:09.705,7.59494,7.59663,1.50,2.78
2012.03.15 02:48:11.242,7.59553,7.59762,1.65,1.62
2012.03.15 02:48:11.374,7.59553,7.59762,1.65,1.50
2012.03.15 02:48:11.455,7.59533,7.59762,1.50,1.50
2012.03.15 02:48:12.590,7.59533,7.59762,1.50,1.50
2012.03.15 02:48:13.605,7.59533,7.59762,1.50,1.50
2012.03.15 02:48:14.509,7.59533,7.59762,1.50,1.50
2012.03.15 02:48:25.475,7.59533,7.59762,1.50,1.50
2012.03.15 02:48:27.345,7.59557,7.59763,1.28,1.50
2012.03.15 02:48:27.473,7.59557,7.59763,1.28,1.50
2012.03.15 02:48:28.509,7.59543,7.59762,1.50,1.50
2012.03.15 02:48:32.882,7.59534,7.59763,1.50,1.50
2012.03.15 02:48:33.183,7.59534,7.59763,1.50,1.50
2012.03.15 02:48:34.954,7.59557,7.59763,1.13,1.50
2012.03.15 02:48:35.165,7.59557,7.59763,1.13,1.50
2012.03.15 02:49:00.704,7.59542,7.59763,1.50,1.50
2012.03.15 02:49:08.234,7.59543,7.59762,1.50,1.50
2012.03.15 02:49:52.645,7.59534,7.59762,1.50,1.50
2012.03.15 02:49:54.675,7.59534,7.59762,1.50,1.51
2012.03.15 02:49:54.898,7.59534,7.59762,1.50,1.51
2012.03.15 02:50:33.790,7.59534,7.59763,1.50,1.51
2012.03.15 02:50:53.358,7.59534,7.59763,1.50,1.50
2012.03.15 02:50:55.370,7.59534,7.59786,1.50,1.50
2012.03.15 02:51:02.337,7.59534,7.59786,1.50,1.50
2012.03.15 02:51:21.401,7.59533,7.59787,1.50,1.50
2012.03.15 02:51:26.405,7.59533,7.59763,1.50,1.50
2012.03.15 02:51:28.433,7.59533,7.59763,1.50,1.50
2012.03.15 02:51:31.732,7.59534,7.59763,1.35,1.50
2012.03.15 02:51:59.221,7.59532,7.59762,1.20,1.50
2012.03.15 02:52:00.209,7.59532,7.59763,1.20,1.50
2012.03.15 02:52:30.829,7.59537,7.59763,1.35,1.50
2012.03.15 02:52:31.541,7.59538,7.59762,1.35,1.50
2012.03.15 02:52:58.639,7.59538,7.59762,1.35,1.50
2012.03.15 02:52:58.969,7.59538,7.59762,1.35,1.50
2012.03.15 02:52:59.189,7.59538,7.59762,1.35,1.50
2012.03.15 02:53:00.197,7.59538,7.59762,1.35,1.50
2012.03.15 02:53:00.395,7.59538,7.59762,1.35,1.50
2012.03.15 02:53:00.687,7.59538,7.59762,1.35,1.50
2012.03.15 02:53:00.954,7.59538,7.59762,1.35,1.50
2012.03.15 02:53:23.440,7.59538,7.59762,1.35,1.50
2012.03.15 02:53:23.643,7.59538,7.59762,1.35,1.50
2012.03.15 02:53:34.690,7.59538,7.59762,1.35,1.50
2012.03.15 02:53:35.002,7.59538,7.59762,1.35,1.51
2012.03.15 02:53:35.071,7.59514,7.59762,1.50,1.51
2012.03.15 02:53:36.865,7.59513,7.59763,1.65,1.51
2012.03.15 02:54:02.689,7.59513,7.59763,1.65,1.51
2012.03.15 02:54:03.521,7.59473,7.59762,1.65,1.51
2012.03.15 02:54:16.655,7.59473,7.59762,1.65,1.51
2012.03.15 02:54:21.859,7.59473,7.59763,1.65,1.51
2012.03.15 02:54:23.173,7.59474,7.59763,1.65,1.51
2012.03.15 02:54:29.405,7.59474,7.59763,1.65,1.51
2012.03.15 02:54:33.761,7.59473,7.59762,1.65,1.51
2012.03.15 02:54:36.672,7.59493,7.59762,1.65,1.50
2012.03.15 02:54:36.741,7.59493,7.59762,1.58,1.50
2012.03.15 02:54:36.872,7.59493,7.59762,1.50,1.50
2012.03.15 02:54:38.538,7.59493,7.59762,1.73,1.50
2012.03.15 02:54:38.724,7.59512,7.59762,1.20,1.50
2012.03.15 02:54:39.682,7.59517,7.59763,1.13,1.50
2012.03.15 02:54:50.180,7.59518,7.59762,1.13,1.50
2012.03.15 02:55:08.495,7.59517,7.59763,1.13,1.50
2012.03.15 02:55:18.740,7.59518,7.59762,1.13,1.50
2012.03.15 02:55:39.483,7.59518,7.59787,1.13,1.50
2012.03.15 02:55:47.229,7.59517,7.59786,1.13,1.50
2012.03.15 02:56:05.096,7.59518,7.59786,1.13,1.50
2012.03.15 02:56:15.457,7.59518,7.59762,1.13,1.50
2012.03.15 02:56:33.603,7.59518,7.59762,1.13,1.50
2012.03.15 02:57:08.173,7.59498,7.59762,1.50,1.50
2012.03.15 02:57:08.448,7.59498,7.59762,1.50,1.50
2012.03.15 02:57:12.811,7.59497,7.59763,1.50,1.50
2012.03.15 02:57:30.833,7.59498,7.59762,1.50,1.50
2012.03.15 02:57:41.857,7.59498,7.59762,1.50,1.50
2012.03.15 02:57:42.685,7.59498,7.59762,1.50,1.50
2012.03.15 02:57:59.380,7.59497,7.59763,1.50,1.50
2012.03.15 02:58:08.685,7.59497,7.59763,1.50,1.50
2012.03.15 02:58:59.704,7.59497,7.59763,1.50,1.50
2012.03.15 02:58:59.893,7.59498,7.59772,1.50,1.51
2012.03.15 02:59:02.003,7.59574,7.59802,1.50,1.51
2012.03.15 02:59:02.074,7.59574,7.59802,1.50,1.51
2012.03.15 02:59:02.656,7.59454,7.59792,1.50,1.51
2012.03.15 02:59:02.797,7.59454,7.59796,1.50,1.51
2012.03.15 02:59:03.927,7.59498,7.59772,1.50,1.51
2012.03.15 02:59:04.374,7.59473,7.59772,1.50,1.51
2012.03.15 02:59:04.446,7.59553,7.59802,1.50,2.26
2012.03.15 02:59:07.094,7.59378,7.59783,1.65,1.51
2012.03.15 02:59:07.302,7.59553,7.59803,1.50,1.51
