2012.03.23 13:00:00.062,7.6385,7.63975,1.58,1.50
2012.03.23 13:00:01.721,7.6387,7.63975,1.35,1.50
2012.03.23 13:00:01.870,7.63888,7.64012,2.25,1.50
2012.03.23 13:00:01.953,7.63928,7.64035,2.25,1.50
2012.03.23 13:00:02.093,7.63941,7.64065,1.50,1.50
2012.03.23 13:00:08.199,7.63929,7.64055,1.50,1.50
2012.03.23 13:00:09.634,7.63938,7.64064,1.50,1.50
2012.03.23 13:00:11.807,7.63948,7.64074,1.50,1.50
2012.03.23 13:00:12.407,7.63968,7.64092,1.50,1.50
2012.03.23 13:00:12.869,7.6396,7.64084,1.50,1.50
2012.03.23 13:00:13.318,7.63939,7.64065,1.50,1.50
2012.03.23 13:00:13.813,7.6394,7.64065,1.50,1.50
2012.03.23 13:00:14.164,7.63963,7.64089,1.50,1.50
2012.03.23 13:00:18.410,7.63978,7.64104,3.75,1.50
2012.03.23 13:00:21.436,7.63978,7.64104,4.50,1.50
2012.03.23 13:00:21.757,7.64057,7.64179,3.08,1.50
2012.03.23 13:00:23.169,7.64057,7.64179,3.08,1.50
2012.03.23 13:00:23.745,7.64068,7.6418,1.58,1.50
2012.03.23 13:00:26.098,7.64067,7.6418,3.08,1.50
2012.03.23 13:00:26.349,7.64104,7.64201,1.58,1.50
2012.03.23 13:00:26.421,7.64104,7.64221,1.58,1.50
2012.03.23 13:00:26.503,7.64109,7.64221,1.05,1.50
2012.03.23 13:00:26.848,7.64137,7.64221,2.25,1.50
2012.03.23 13:00:27.059,7.64137,7.64231,2.25,1.50
2012.03.23 13:00:27.194,7.64137,7.64262,2.25,1.50
2012.03.23 13:00:27.269,7.64137,7.64245,2.25,1.50
2012.03.23 13:00:28.143,7.64178,7.64251,2.25,1.50
2012.03.23 13:00:28.658,7.64177,7.64243,2.25,1.50
2012.03.23 13:00:30.263,7.64177,7.64251,2.25,1.50
2012.03.23 13:00:36.881,7.64133,7.64251,1.35,1.50
2012.03.23 13:00:37.076,7.64127,7.64251,3.75,1.50
2012.03.23 13:00:37.562,7.64127,7.64251,4.58,1.50
2012.03.23 13:00:37.645,7.6412,7.64241,1.58,1.50
2012.03.23 13:00:41.496,7.6412,7.64241,1.58,2.33
2012.03.23 13:00:41.566,7.6412,7.6423,1.58,1.50
2012.03.23 13:00:41.885,7.6409,7.64214,2.33,1.50
2012.03.23 13:00:42.661,7.64097,7.64221,2.33,1.50
2012.03.23 13:00:46.136,7.64097,7.64221,2.33,1.50
2012.03.23 13:00:46.449,7.64084,7.64208,2.33,1.50
2012.03.23 13:00:47.166,7.64077,7.64191,3.08,1.50
2012.03.23 13:00:48.330,7.64077,7.642,3.08,1.50
2012.03.23 13:00:49.760,7.64077,7.642,3.08,1.50
2012.03.23 13:00:52.247,7.641,7.64224,2.33,3.00
2012.03.23 13:00:53.340,7.64118,7.64242,2.33,2.33
2012.03.23 13:00:56.476,7.64118,7.64242,1.50,2.33
2012.03.23 13:00:56.606,7.6407,7.64196,3.08,2.33
2012.03.23 13:01:05.382,7.64062,7.64188,1.50,1.50
2012.03.23 13:01:05.520,7.64062,7.64123,1.50,2.25
2012.03.23 13:01:05.664,7.64027,7.64123,1.50,2.25
2012.03.23 13:01:05.797,7.64004,7.64113,1.50,2.25
2012.03.23 13:01:05.867,7.6399,7.64113,1.50,2.25
2012.03.23 13:01:07.840,7.6399,7.64082,1.50,2.25
2012.03.23 13:01:08.088,7.63966,7.64062,1.50,2.25
2012.03.23 13:01:08.156,7.63942,7.64062,1.50,2.25
2012.03.23 13:01:08.284,7.63929,7.64053,1.50,1.50
2012.03.23 13:01:18.943,7.63929,7.64053,1.50,2.33
2012.03.23 13:01:19.081,7.63921,7.64045,1.50,2.33
2012.03.23 13:01:25.066,7.63901,7.64025,1.50,2.33
2012.03.23 13:01:26.366,7.63924,7.64048,1.50,2.33
2012.03.23 13:01:32.567,7.63903,7.64029,1.50,2.33
2012.03.23 13:01:35.466,7.63919,7.64043,1.50,2.33
2012.03.23 13:01:37.964,7.63902,7.64026,1.50,2.33
2012.03.23 13:01:44.497,7.63902,7.64026,1.95,2.33
2012.03.23 13:02:10.246,7.63921,7.64045,1.50,2.33
2012.03.23 13:02:11.867,7.63921,7.64045,1.50,2.33
2012.03.23 13:02:12.168,7.63921,7.64045,1.50,2.33
2012.03.23 13:02:20.544,7.63911,7.64035,1.95,2.33
2012.03.23 13:02:27.918,7.63918,7.64044,1.50,2.33
2012.03.23 13:02:34.117,7.63911,7.64035,1.95,2.33
2012.03.23 13:02:38.685,7.63911,7.64035,2.33,2.33
2012.03.23 13:02:38.935,7.6392,7.64044,2.33,1.50
2012.03.23 13:02:39.004,7.63947,7.6406,1.50,1.50
2012.03.23 13:02:39.076,7.63981,7.64094,1.50,1.20
2012.03.23 13:02:39.145,7.63981,7.64105,1.50,2.33
2012.03.23 13:02:39.275,7.63993,7.64119,1.50,2.33
2012.03.23 13:02:39.920,7.63982,7.64106,1.50,2.33
2012.03.23 13:02:40.512,7.63982,7.64052,1.50,1.50
2012.03.23 13:02:40.587,7.6391,7.64015,1.50,1.50
2012.03.23 13:02:40.662,7.63877,7.63992,1.39,1.50
2012.03.23 13:02:40.872,7.63863,7.63975,1.50,1.50
2012.03.23 13:02:41.507,7.63851,7.63975,2.25,1.50
2012.03.23 13:02:42.535,7.63851,7.63975,2.25,1.50
2012.03.23 13:02:42.912,7.63851,7.63975,1.50,1.50
2012.03.23 13:02:44.063,7.63851,7.63975,2.25,1.50
2012.03.23 13:02:44.436,7.63851,7.63975,2.25,1.50
2012.03.23 13:03:09.349,7.63864,7.63988,2.25,1.50
2012.03.23 13:03:10.773,7.63849,7.63975,2.25,1.50
2012.03.23 13:03:26.976,7.63907,7.63975,2.25,1.50
2012.03.23 13:03:27.237,7.63935,7.64061,1.50,1.50
2012.03.23 13:03:27.309,7.63978,7.64061,2.25,1.50
2012.03.23 13:03:27.379,7.64,7.64084,1.50,1.50
2012.03.23 13:03:27.445,7.64,7.64126,1.50,1.50
2012.03.23 13:03:32.687,7.63977,7.64089,1.50,1.50
2012.03.23 13:03:33.057,7.63965,7.64089,1.50,1.50
2012.03.23 13:03:33.322,7.63961,7.64087,1.50,1.50
2012.03.23 13:03:38.798,7.63976,7.64102,1.50,1.50
2012.03.23 13:03:53.044,7.63963,7.64089,1.50,1.50
2012.03.23 13:03:57.143,7.63972,7.64098,1.50,1.50
2012.03.23 13:03:57.548,7.6398,7.64106,1.50,1.50
2012.03.23 13:04:40.630,7.6398,7.64106,2.33,2.33
2012.03.23 13:04:41.323,7.63973,7.64097,2.33,1.50
2012.03.23 13:04:42.700,7.63973,7.64097,2.33,1.50
2012.03.23 13:04:45.918,7.64006,7.64097,2.10,1.50
2012.03.23 13:04:46.247,7.64099,7.64219,1.50,1.20
2012.03.23 13:04:46.316,7.64091,7.64219,1.50,1.20
2012.03.23 13:04:46.449,7.64091,7.64235,1.50,2.33
2012.03.23 13:04:47.360,7.64091,7.64215,1.50,2.33
2012.03.23 13:04:47.488,7.64091,7.642,1.50,1.05
2012.03.23 13:04:47.700,7.64055,7.64179,1.50,3.00
2012.03.23 13:04:48.183,7.64055,7.64152,1.50,1.50
2012.03.23 13:04:48.267,7.64055,7.64179,1.50,1.50
2012.03.23 13:04:48.429,7.64029,7.64155,1.50,1.50
2012.03.23 13:04:48.576,7.64015,7.64128,1.50,1.50
2012.03.23 13:04:48.729,7.6404,7.64164,1.50,1.50
2012.03.23 13:04:55.162,7.64049,7.64173,1.50,1.50
2012.03.23 13:05:00.187,7.64049,7.64173,1.50,2.25
2012.03.23 13:05:00.376,7.64036,7.6416,1.50,1.50
2012.03.23 13:05:00.779,7.64024,7.64148,1.50,1.50
2012.03.23 13:05:01.122,7.64019,7.64145,2.33,2.33
2012.03.23 13:05:02.057,7.64028,7.64154,2.33,2.33
2012.03.23 13:05:02.538,7.64028,7.64154,2.33,1.95
2012.03.23 13:05:09.882,7.64028,7.64154,2.33,2.33
2012.03.23 13:05:10.279,7.64028,7.64154,2.33,2.33
2012.03.23 13:05:10.602,7.64028,7.64154,2.33,2.33
2012.03.23 13:05:14.829,7.6402,7.64144,2.33,1.50
2012.03.23 13:05:15.000,7.6402,7.64144,2.33,1.95
2012.03.23 13:05:15.918,7.6402,7.64144,2.33,1.95
2012.03.23 13:05:19.188,7.64035,7.64159,1.95,2.33
2012.03.23 13:05:23.989,7.64035,7.64159,2.33,2.33
2012.03.23 13:05:24.182,7.64026,7.64152,2.33,2.33
2012.03.23 13:05:25.956,7.64036,7.64162,1.50,2.33
2012.03.23 13:05:29.662,7.64028,7.64154,2.33,2.33
2012.03.23 13:05:30.411,7.64036,7.64162,1.50,2.33
2012.03.23 13:05:31.569,7.64026,7.64152,2.33,2.33
2012.03.23 13:05:39.916,7.64035,7.64161,1.50,2.33
2012.03.23 13:05:40.468,7.64035,7.64161,1.50,2.33
2012.03.23 13:05:40.670,7.64012,7.64133,1.50,2.33
2012.03.23 13:05:41.435,7.64007,7.64133,1.95,2.33
2012.03.23 13:05:42.960,7.64007,7.64133,1.50,2.33
2012.03.23 13:05:44.916,7.64015,7.64141,1.50,2.33
2012.03.23 13:05:45.875,7.64007,7.64133,1.50,2.33
2012.03.23 13:05:51.201,7.64007,7.64133,1.95,2.33
2012.03.23 13:05:53.660,7.64006,7.6413,1.50,2.33
2012.03.23 13:05:53.788,7.63997,7.64121,1.50,2.33
2012.03.23 13:05:53.917,7.63974,7.64098,2.33,1.95
2012.03.23 13:05:55.928,7.63972,7.64096,1.95,2.33
2012.03.23 13:05:56.210,7.63962,7.64086,2.33,1.50
2012.03.23 13:05:56.279,7.63975,7.64101,2.33,2.33
2012.03.23 13:05:57.643,7.63975,7.64101,2.33,2.33
2012.03.23 13:05:59.676,7.63993,7.64117,1.50,2.33
2012.03.23 13:06:06.964,7.63993,7.64117,1.50,2.33
2012.03.23 13:06:07.221,7.63975,7.64099,2.33,2.33
2012.03.23 13:06:07.887,7.63975,7.64099,2.33,2.33
2012.03.23 13:06:09.308,7.63966,7.6409,2.33,1.50
2012.03.23 13:06:09.437,7.63966,7.6409,2.33,1.95
2012.03.23 13:06:25.755,7.63966,7.6409,2.33,1.50
2012.03.23 13:06:33.260,7.63973,7.64099,2.33,2.33
2012.03.23 13:06:33.857,7.63966,7.6409,2.33,1.50
2012.03.23 13:06:39.394,7.6398,7.64106,2.33,2.33
2012.03.23 13:07:08.117,7.63971,7.64097,2.33,1.50
2012.03.23 13:07:08.368,7.63987,7.64111,2.33,1.50
2012.03.23 13:07:08.439,7.64019,7.64111,1.20,1.50
2012.03.23 13:07:08.927,7.6409,7.64136,1.50,1.50
2012.03.23 13:07:09.002,7.6409,7.64216,1.50,2.37
2012.03.23 13:07:09.859,7.64073,7.64197,1.50,1.50
2012.03.23 13:07:09.929,7.6402,7.6414,1.50,1.50
2012.03.23 13:07:10.177,7.6404,7.64164,1.50,1.50
2012.03.23 13:07:10.706,7.64128,7.64222,1.35,3.08
2012.03.23 13:07:10.779,7.64143,7.64222,2.10,2.25
2012.03.23 13:07:10.849,7.64177,7.64287,2.25,2.25
2012.03.23 13:07:11.039,7.64177,7.64266,2.25,1.50
2012.03.23 13:07:11.107,7.64147,7.64274,3.60,1.50
2012.03.23 13:07:11.181,7.64164,7.64299,1.50,1.50
2012.03.23 13:07:11.248,7.64164,7.64308,1.50,1.50
2012.03.23 13:07:11.318,7.64154,7.643,2.25,1.50
2012.03.23 13:07:11.959,7.64115,7.64239,2.25,1.50
2012.03.23 13:07:12.171,7.6413,7.64256,1.50,1.50
2012.03.23 13:07:17.406,7.64139,7.64265,1.50,1.50
2012.03.23 13:07:24.274,7.64152,7.64276,1.50,1.50
2012.03.23 13:07:29.897,7.64132,7.64256,1.50,1.50
2012.03.23 13:07:37.005,7.64152,7.64276,1.50,1.50
2012.03.23 13:07:38.366,7.64137,7.64263,1.50,1.50
2012.03.23 13:07:38.504,7.64148,7.64274,1.50,1.50
2012.03.23 13:07:39.784,7.64141,7.64265,1.50,1.50
2012.03.23 13:07:40.814,7.64162,7.64288,1.50,1.50
2012.03.23 13:07:41.524,7.64151,7.64275,1.50,1.50
2012.03.23 13:08:05.166,7.64151,7.64275,2.25,1.50
2012.03.23 13:08:05.295,7.64163,7.64287,2.25,1.50
2012.03.23 13:08:05.369,7.64225,7.64349,1.50,2.25
2012.03.23 13:08:07.476,7.64225,7.64349,1.50,2.25
2012.03.23 13:08:11.327,7.64234,7.6436,1.50,2.25
2012.03.23 13:08:14.746,7.64234,7.6436,1.50,2.10
2012.03.23 13:08:14.816,7.64224,7.64323,1.50,2.25
2012.03.23 13:08:14.948,7.64182,7.64308,1.50,1.50
2012.03.23 13:08:15.016,7.64159,7.6427,1.50,1.50
2012.03.23 13:08:15.086,7.64146,7.6427,2.25,1.50
2012.03.23 13:08:15.154,7.64146,7.6427,1.50,1.50
2012.03.23 13:08:19.555,7.64197,7.64284,2.25,1.50
2012.03.23 13:08:19.749,7.64224,7.6435,1.50,2.25
2012.03.23 13:08:20.517,7.64224,7.6435,1.50,2.25
2012.03.23 13:08:21.587,7.64224,7.6435,1.50,2.25
2012.03.23 13:08:22.541,7.64224,7.6435,1.50,2.25
2012.03.23 13:08:23.647,7.64224,7.6435,1.50,1.50
2012.03.23 13:08:24.239,7.64224,7.6435,1.50,2.10
2012.03.23 13:08:24.555,7.64146,7.6427,2.25,1.50
2012.03.23 13:08:24.625,7.64146,7.6427,1.50,1.50
2012.03.23 13:08:35.436,7.64153,7.64279,1.50,1.50
2012.03.23 13:08:35.767,7.64165,7.64289,1.50,1.50
2012.03.23 13:08:36.097,7.64178,7.64302,1.50,1.50
2012.03.23 13:08:36.432,7.64178,7.64302,2.33,1.50
2012.03.23 13:09:03.140,7.64178,7.64302,2.33,1.50
2012.03.23 13:09:03.459,7.64178,7.64302,4.58,1.50
2012.03.23 13:09:03.528,7.64202,7.64326,2.33,1.50
2012.03.23 13:09:06.029,7.64214,7.64338,2.33,2.33
2012.03.23 13:09:08.220,7.64214,7.64338,1.50,2.33
2012.03.23 13:09:08.360,7.64195,7.64321,1.50,2.33
2012.03.23 13:09:08.638,7.64188,7.64312,1.95,2.33
2012.03.23 13:09:21.895,7.64188,7.64312,2.33,2.33
2012.03.23 13:09:21.978,7.64188,7.64312,1.95,2.33
2012.03.23 13:09:29.706,7.64188,7.64312,2.33,1.50
2012.03.23 13:09:29.898,7.642,7.64324,2.33,1.50
2012.03.23 13:09:29.971,7.64202,7.64326,1.50,2.33
2012.03.23 13:09:38.193,7.64193,7.64319,1.50,2.33
2012.03.23 13:09:47.747,7.6421,7.64336,2.33,2.33
2012.03.23 13:09:47.819,7.64192,7.64316,2.33,1.50
2012.03.23 13:09:47.953,7.64192,7.64316,1.50,2.33
2012.03.23 13:09:48.088,7.642,7.64324,1.50,2.33
2012.03.23 13:09:51.754,7.64191,7.64315,1.50,2.33
2012.03.23 13:10:01.044,7.64191,7.64315,2.33,1.95
2012.03.23 13:10:24.760,7.642,7.64264,1.50,1.35
2012.03.23 13:10:25.116,7.64208,7.64226,2.25,1.50
2012.03.23 13:10:25.191,7.64234,7.64369,1.50,1.43
2012.03.23 13:10:25.692,7.6421,7.64347,1.50,1.50
2012.03.23 13:10:25.781,7.64192,7.64336,1.95,2.25
2012.03.23 13:10:26.080,7.64192,7.64336,1.50,2.25
2012.03.23 13:10:26.680,7.64174,7.64298,1.50,1.50
2012.03.23 13:10:36.174,7.64208,7.64298,2.25,1.50
2012.03.23 13:10:36.486,7.64236,7.64328,1.50,1.20
2012.03.23 13:10:43.570,7.64236,7.64328,1.50,1.20
2012.03.23 13:10:43.673,7.64236,7.64328,1.50,1.20
2012.03.23 13:10:45.962,7.64261,7.64387,1.50,2.25
2012.03.23 13:10:50.604,7.64261,7.64387,1.50,2.25
2012.03.23 13:10:51.865,7.6427,7.64394,1.50,2.25
2012.03.23 13:10:54.327,7.6427,7.64394,1.50,1.50
2012.03.23 13:10:54.479,7.6427,7.64394,2.33,1.50
2012.03.23 13:10:54.826,7.64275,7.64401,2.33,1.50
2012.03.23 13:10:55.149,7.64291,7.64415,2.33,2.33
2012.03.23 13:10:56.660,7.64283,7.64407,1.50,1.50
2012.03.23 13:10:56.730,7.64337,7.64407,2.25,1.50
2012.03.23 13:10:56.996,7.64313,7.64407,1.50,1.50
2012.03.23 13:10:57.250,7.64283,7.64407,2.25,1.50
2012.03.23 13:10:57.319,7.64367,7.64442,1.50,2.25
2012.03.23 13:10:57.489,7.64273,7.64391,1.20,1.50
2012.03.23 13:10:58.157,7.64274,7.64391,1.50,1.50
2012.03.23 13:10:58.259,7.643,7.64426,1.50,1.50
2012.03.23 13:10:59.261,7.64312,7.64426,1.50,1.50
2012.03.23 13:10:59.873,7.64345,7.64471,1.50,2.33
2012.03.23 13:11:02.704,7.64345,7.64471,2.25,2.33
2012.03.23 13:11:03.539,7.64345,7.64471,1.50,2.33
2012.03.23 13:11:03.752,7.6432,7.64444,1.50,1.50
2012.03.23 13:11:03.823,7.64294,7.64418,2.25,1.50
2012.03.23 13:11:03.906,7.64304,7.6443,2.25,1.50
2012.03.23 13:11:05.405,7.64304,7.6443,2.25,1.50
2012.03.23 13:11:06.004,7.64304,7.6443,1.50,1.50
2012.03.23 13:11:06.243,7.64304,7.6443,2.25,1.50
2012.03.23 13:11:06.317,7.64312,7.64438,1.50,1.50
2012.03.23 13:11:10.402,7.64322,7.64446,1.50,1.50
2012.03.23 13:11:10.717,7.64345,7.64469,1.50,1.50
2012.03.23 13:11:10.787,7.64323,7.64449,1.50,1.50
2012.03.23 13:11:12.981,7.64333,7.64457,1.50,1.50
2012.03.23 13:11:16.868,7.64332,7.64456,2.33,1.95
2012.03.23 13:11:21.669,7.64332,7.64456,1.50,2.33
2012.03.23 13:11:21.978,7.64307,7.64429,2.33,2.33
2012.03.23 13:11:25.931,7.64303,7.64429,1.50,2.33
2012.03.23 13:11:26.131,7.64297,7.64413,2.25,2.33
2012.03.23 13:11:32.216,7.64287,7.64413,1.95,2.33
2012.03.23 13:11:32.289,7.64288,7.64413,1.20,2.33
2012.03.23 13:11:32.435,7.64297,7.64413,1.58,1.50
2012.03.23 13:11:32.951,7.64303,7.64427,2.33,2.33
2012.03.23 13:11:33.500,7.64303,7.64427,1.50,2.33
2012.03.23 13:11:33.832,7.64282,7.64406,2.33,2.33
2012.03.23 13:11:39.676,7.64282,7.64406,2.33,1.95
2012.03.23 13:11:40.630,7.6429,7.64416,1.50,2.33
2012.03.23 13:11:41.279,7.643,7.64424,1.50,2.33
2012.03.23 13:11:41.350,7.64283,7.64409,2.33,2.33
2012.03.23 13:11:48.108,7.64318,7.64433,2.33,1.95
2012.03.23 13:11:52.373,7.64318,7.64429,2.33,1.20
2012.03.23 13:11:52.705,7.64274,7.64361,1.20,1.50
2012.03.23 13:11:52.776,7.64247,7.64361,3.08,1.50
2012.03.23 13:11:52.846,7.64259,7.64385,2.33,1.50
2012.03.23 13:11:52.918,7.64282,7.64406,1.50,1.50
2012.03.23 13:11:56.461,7.64271,7.64397,1.95,1.50
2012.03.23 13:12:02.598,7.64279,7.64405,1.50,1.50
2012.03.23 13:12:22.488,7.64272,7.64396,1.95,1.50
2012.03.23 13:12:22.557,7.64281,7.64407,1.50,1.50
2012.03.23 13:12:22.759,7.64272,7.64396,1.95,1.50
2012.03.23 13:12:27.028,7.64293,7.64396,1.50,1.50
2012.03.23 13:12:27.337,7.64317,7.64441,1.50,2.33
2012.03.23 13:12:27.725,7.64264,7.64387,1.20,1.50
2012.03.23 13:12:33.231,7.64236,7.6436,1.50,1.50
2012.03.23 13:12:33.303,7.64243,7.64369,1.50,1.50
2012.03.23 13:12:33.385,7.64255,7.64379,1.50,1.50
2012.03.23 13:12:37.059,7.64264,7.64388,1.50,1.50
2012.03.23 13:12:37.129,7.64245,7.64371,1.50,1.50
2012.03.23 13:12:37.199,7.64224,7.6435,1.50,1.50
2012.03.23 13:12:37.552,7.64192,7.64318,1.50,1.50
2012.03.23 13:12:38.496,7.64203,7.64329,1.50,1.50
2012.03.23 13:12:40.098,7.64228,7.64329,2.25,1.50
2012.03.23 13:12:40.168,7.64236,7.64362,1.50,2.33
2012.03.23 13:12:40.366,7.64252,7.64352,1.50,2.70
2012.03.23 13:12:40.499,7.64193,7.64317,1.50,1.50
2012.03.23 13:12:40.627,7.64204,7.64328,1.50,1.50
2012.03.23 13:12:47.124,7.64195,7.64319,1.50,1.50
2012.03.23 13:12:47.458,7.64225,7.64349,1.50,1.95
2012.03.23 13:12:52.211,7.64225,7.64349,2.33,1.95
2012.03.23 13:12:54.955,7.64233,7.64359,1.50,2.33
2012.03.23 13:12:55.220,7.64221,7.64345,2.33,2.33
2012.03.23 13:13:43.367,7.64212,7.64338,2.33,2.33
2012.03.23 13:13:45.640,7.64212,7.64338,2.33,2.33
2012.03.23 13:13:45.960,7.64212,7.64338,1.95,2.33
2012.03.23 13:13:48.480,7.64204,7.6433,1.50,2.33
2012.03.23 13:13:48.742,7.64187,7.64313,1.95,2.33
2012.03.23 13:13:56.810,7.64143,7.64261,1.80,1.50
2012.03.23 13:13:56.893,7.64178,7.64261,2.25,1.50
2012.03.23 13:13:56.969,7.64167,7.64261,2.25,1.50
2012.03.23 13:13:57.409,7.64199,7.64286,1.50,1.50
2012.03.23 13:13:57.481,7.64199,7.64325,1.50,1.50
2012.03.23 13:13:57.968,7.64187,7.64313,1.50,1.50
2012.03.23 13:14:00.607,7.64196,7.6432,1.50,1.50
2012.03.23 13:14:01.166,7.64213,7.64337,1.50,1.50
2012.03.23 13:14:03.760,7.64213,7.64337,1.50,2.25
2012.03.23 13:14:04.050,7.64213,7.64337,1.50,1.50
2012.03.23 13:14:09.215,7.64213,7.64337,1.50,2.25
2012.03.23 13:14:14.136,7.64213,7.64332,1.50,1.50
2012.03.23 13:14:14.272,7.64167,7.64261,3.00,1.50
2012.03.23 13:14:14.469,7.64143,7.64261,1.43,1.50
2012.03.23 13:14:14.538,7.64177,7.64261,2.25,1.50
2012.03.23 13:14:14.737,7.64168,7.64261,3.75,1.50
2012.03.23 13:14:14.931,7.64168,7.64287,3.75,1.50
2012.03.23 13:14:14.998,7.64193,7.64317,1.50,2.25
2012.03.23 13:14:15.408,7.64193,7.64317,1.50,1.50
2012.03.23 13:14:15.607,7.64184,7.6431,1.50,1.50
2012.03.23 13:14:16.406,7.64176,7.64302,1.50,1.50
2012.03.23 13:14:21.869,7.64164,7.64288,1.50,1.50
2012.03.23 13:14:22.701,7.64164,7.64288,2.33,1.50
2012.03.23 13:14:26.861,7.64171,7.64297,2.33,1.95
2012.03.23 13:14:29.839,7.64164,7.64288,2.33,2.25
2012.03.23 13:14:30.041,7.64139,7.64263,2.33,1.50
2012.03.23 13:14:30.110,7.64154,7.64278,2.33,2.33
2012.03.23 13:14:31.718,7.64154,7.64278,2.33,1.95
2012.03.23 13:14:31.813,7.64141,7.64265,1.50,2.25
2012.03.23 13:14:31.888,7.64141,7.64261,1.50,1.50
2012.03.23 13:14:32.227,7.6408,7.64204,2.33,1.50
2012.03.23 13:14:32.409,7.6408,7.64204,2.33,1.50
2012.03.23 13:14:37.098,7.64096,7.6422,2.33,1.50
2012.03.23 13:14:44.616,7.64079,7.64203,2.33,1.50
2012.03.23 13:14:44.717,7.6409,7.64214,2.33,1.50
2012.03.23 13:14:49.082,7.64076,7.64202,2.33,1.50
2012.03.23 13:14:51.816,7.64085,7.64209,2.33,1.50
2012.03.23 13:14:52.373,7.64048,7.64118,2.25,2.10
2012.03.23 13:14:52.986,7.63977,7.64063,1.50,3.00
2012.03.23 13:14:53.069,7.63953,7.64053,1.50,2.25
2012.03.23 13:14:53.145,7.63953,7.64043,1.50,2.25
2012.03.23 13:14:53.223,7.63951,7.64043,1.50,2.25
2012.03.23 13:14:53.305,7.63926,7.64043,1.80,2.25
2012.03.23 13:14:53.984,7.63926,7.64023,1.50,2.25
2012.03.23 13:14:54.177,7.63903,7.64012,1.50,1.50
2012.03.23 13:14:54.769,7.63886,7.64012,2.33,1.50
2012.03.23 13:14:55.260,7.63886,7.63958,1.50,1.05
2012.03.23 13:14:55.592,7.63862,7.63883,1.50,2.25
2012.03.23 13:14:55.666,7.63862,7.63882,1.50,1.50
2012.03.23 13:14:55.745,7.63736,7.63882,1.50,1.50
2012.03.23 13:14:57.765,7.63756,7.63873,1.50,2.25
2012.03.23 13:14:58.109,7.63735,7.63859,2.33,1.50
2012.03.23 13:14:59.108,7.63752,7.63876,1.50,1.50
2012.03.23 13:15:00.011,7.63752,7.63876,2.33,2.33
2012.03.23 13:15:00.373,7.63752,7.63876,2.33,1.50
2012.03.23 13:15:00.509,7.63752,7.63876,2.33,1.50
2012.03.23 13:15:00.652,7.63752,7.63858,2.33,2.10
2012.03.23 13:15:01.407,7.63752,7.63802,1.50,2.25
2012.03.23 13:15:01.521,7.63673,7.63797,1.50,1.50
2012.03.23 13:15:02.033,7.63671,7.63797,1.50,1.50
2012.03.23 13:15:03.201,7.63717,7.63797,2.25,1.50
2012.03.23 13:15:03.344,7.63717,7.63813,2.25,2.25
2012.03.23 13:15:03.423,7.63717,7.63813,2.25,1.50
2012.03.23 13:15:03.499,7.63732,7.63858,1.50,1.50
2012.03.23 13:15:03.570,7.63767,7.63882,1.50,2.25
2012.03.23 13:15:03.994,7.63767,7.63867,1.50,1.50
2012.03.23 13:15:04.131,7.63759,7.63867,1.50,1.50
2012.03.23 13:15:04.788,7.63759,7.6386,1.50,2.25
2012.03.23 13:15:04.916,7.63711,7.63837,1.50,1.50
2012.03.23 13:15:05.002,7.63711,7.63837,1.95,2.33
2012.03.23 13:15:05.343,7.63724,7.63848,2.33,1.50
2012.03.23 13:15:05.425,7.63733,7.63859,2.33,1.95
2012.03.23 13:15:06.009,7.63745,7.63863,2.33,1.20
2012.03.23 13:15:06.704,7.63745,7.63871,2.33,1.50
2012.03.23 13:15:06.856,7.63761,7.63887,2.33,1.95
2012.03.23 13:15:07.567,7.63796,7.63919,1.50,1.58
2012.03.23 13:15:09.912,7.63814,7.63919,1.50,1.58
2012.03.23 13:15:09.991,7.63814,7.63919,1.50,1.58
2012.03.23 13:15:10.063,7.63803,7.63929,1.50,3.08
2012.03.23 13:15:10.524,7.63815,7.63922,1.50,1.58
2012.03.23 13:15:12.237,7.63823,7.63929,1.50,1.58
2012.03.23 13:15:18.948,7.6384,7.63933,1.50,1.58
2012.03.23 13:15:22.538,7.63821,7.63933,1.50,1.58
2012.03.23 13:15:23.151,7.63819,7.63933,1.50,1.58
2012.03.23 13:15:23.236,7.63776,7.63902,1.95,2.33
2012.03.23 13:15:28.812,7.63786,7.6391,1.50,2.33
2012.03.23 13:15:29.430,7.63786,7.6391,2.33,1.95
2012.03.23 13:15:33.757,7.63801,7.63927,2.33,2.33
2012.03.23 13:15:34.792,7.63792,7.63916,2.33,1.50
2012.03.23 13:15:35.321,7.63801,7.63927,2.33,2.33
2012.03.23 13:15:39.833,7.63793,7.63917,2.33,1.50
2012.03.23 13:15:39.909,7.63804,7.6393,2.33,2.33
2012.03.23 13:15:46.238,7.63796,7.63922,2.33,1.50
2012.03.23 13:15:46.428,7.63813,7.63937,2.33,1.50
2012.03.23 13:15:47.005,7.63831,7.63957,1.95,2.33
2012.03.23 13:16:16.408,7.63817,7.63941,2.25,1.50
2012.03.23 13:16:16.478,7.63912,7.63983,2.10,2.25
2012.03.23 13:16:16.546,7.63912,7.64049,2.10,1.50
2012.03.23 13:16:16.876,7.63912,7.64061,2.10,1.50
2012.03.23 13:16:17.008,7.63952,7.64031,2.10,1.50
2012.03.23 13:16:26.530,7.63927,7.64031,2.25,1.50
2012.03.23 13:16:26.814,7.63948,7.64031,2.25,1.50
2012.03.23 13:16:26.969,7.63948,7.64055,3.75,1.50
2012.03.23 13:16:27.049,7.63948,7.64074,3.75,1.50
2012.03.23 13:16:28.667,7.63948,7.64074,4.58,1.50
2012.03.23 13:16:34.749,7.63971,7.64095,2.33,2.25
2012.03.23 13:16:35.922,7.63978,7.64095,1.05,2.25
2012.03.23 13:16:36.591,7.63994,7.6412,2.10,2.25
2012.03.23 13:16:40.775,7.63994,7.6412,1.50,2.25
2012.03.23 13:16:40.919,7.63994,7.6412,1.50,2.25
2012.03.23 13:16:41.237,7.63983,7.64109,1.50,2.25
2012.03.23 13:16:56.612,7.64077,7.64109,2.25,1.50
2012.03.23 13:16:56.942,7.64077,7.64116,2.25,1.50
2012.03.23 13:16:57.017,7.64085,7.64211,1.50,2.25
2012.03.23 13:16:58.695,7.64085,7.64211,1.50,1.50
2012.03.23 13:16:59.401,7.64073,7.64199,1.50,1.50
2012.03.23 13:16:59.727,7.64042,7.64185,1.50,2.10
2012.03.23 13:16:59.867,7.63957,7.64103,1.47,2.25
2012.03.23 13:17:00.296,7.63894,7.64096,1.58,1.50
2012.03.23 13:17:00.487,7.63877,7.64096,4.58,2.25
2012.03.23 13:17:00.556,7.63877,7.64073,2.33,2.25
2012.03.23 13:17:00.696,7.63861,7.64073,1.58,2.25
2012.03.23 13:17:00.767,7.63861,7.64065,1.58,1.50
2012.03.23 13:17:01.227,7.63847,7.64042,1.58,2.25
2012.03.23 13:17:01.661,7.63947,7.64042,2.10,2.25
2012.03.23 13:17:01.907,7.63947,7.64045,2.10,1.50
2012.03.23 13:17:02.442,7.63947,7.64176,4.35,2.25
2012.03.23 13:17:02.522,7.63947,7.64176,4.35,2.25
2012.03.23 13:17:07.130,7.63967,7.64156,2.25,2.25
2012.03.23 13:17:07.209,7.63974,7.64098,1.50,1.50
2012.03.23 13:17:26.438,7.63983,7.64109,1.50,2.25
2012.03.23 13:17:27.948,7.63983,7.64109,2.33,2.25
2012.03.23 13:17:28.018,7.63983,7.64109,2.33,1.50
2012.03.23 13:17:28.365,7.64025,7.64149,1.50,2.33
2012.03.23 13:17:28.702,7.64025,7.64149,1.50,2.33
2012.03.23 13:17:28.836,7.64025,7.64149,1.50,2.33
2012.03.23 13:17:29.277,7.64011,7.64133,1.50,3.08
2012.03.23 13:17:29.447,7.63996,7.6412,1.50,2.33
2012.03.23 13:17:29.872,7.63972,7.64094,2.33,2.33
2012.03.23 13:18:07.431,7.6398,7.64104,2.33,2.33
2012.03.23 13:18:31.872,7.6398,7.64104,1.95,2.33
2012.03.23 13:18:34.377,7.6398,7.64104,2.33,2.33
2012.03.23 13:18:36.655,7.6398,7.64104,1.50,2.33
2012.03.23 13:18:37.345,7.6397,7.64096,2.33,2.33
2012.03.23 13:18:37.945,7.6397,7.64096,1.50,2.33
2012.03.23 13:18:38.279,7.63947,7.64068,2.33,1.50
2012.03.23 13:18:39.047,7.63944,7.64068,2.33,1.50
2012.03.23 13:18:52.767,7.63944,7.64068,1.50,1.95
2012.03.23 13:18:52.896,7.63944,7.64068,1.50,2.33
2012.03.23 13:18:53.029,7.63915,7.64041,1.50,1.50
2012.03.23 13:18:58.825,7.63901,7.64027,1.95,1.50
2012.03.23 13:19:01.848,7.63915,7.64039,1.50,1.50
2012.03.23 13:19:06.727,7.63929,7.64053,1.50,1.50
2012.03.23 13:19:07.317,7.63958,7.64072,1.50,3.08
2012.03.23 13:19:07.525,7.63949,7.64072,1.50,3.08
2012.03.23 13:19:07.596,7.63938,7.64062,1.50,1.95
2012.03.23 13:19:08.315,7.6394,7.64064,1.50,2.33
2012.03.23 13:19:15.348,7.6393,7.64056,1.50,1.50
2012.03.23 13:19:17.328,7.6394,7.64066,1.50,2.33
2012.03.23 13:19:17.980,7.63949,7.64072,1.50,3.08
2012.03.23 13:19:22.867,7.63935,7.64059,1.50,1.95
2012.03.23 13:19:28.241,7.63927,7.64051,1.50,1.50
2012.03.23 13:19:31.095,7.63935,7.64059,1.50,1.95
2012.03.23 13:19:34.840,7.63926,7.64052,1.50,1.50
2012.03.23 13:19:36.808,7.63913,7.64039,1.50,1.50
2012.03.23 13:19:37.496,7.63892,7.64016,2.33,1.50
2012.03.23 13:19:37.624,7.63904,7.64028,1.95,1.50
2012.03.23 13:19:38.086,7.63892,7.64018,2.33,1.50
2012.03.23 13:19:44.305,7.63902,7.64026,1.95,1.50
2012.03.23 13:19:47.095,7.63893,7.64017,2.33,1.50
2012.03.23 13:19:47.424,7.63883,7.64009,2.33,1.50
2012.03.23 13:19:48.144,7.63883,7.64009,2.33,1.50
2012.03.23 13:19:49.447,7.63919,7.64045,1.50,1.50
2012.03.23 13:19:49.613,7.63903,7.64029,1.95,1.50
2012.03.23 13:20:03.015,7.63903,7.64029,2.33,1.50
2012.03.23 13:20:03.085,7.63913,7.64037,2.33,1.50
2012.03.23 13:20:03.159,7.6392,7.64046,2.33,1.50
2012.03.23 13:20:04.665,7.63932,7.64056,1.50,1.50
2012.03.23 13:20:04.858,7.63924,7.64048,1.50,1.50
2012.03.23 13:20:05.422,7.63908,7.64032,1.50,1.50
2012.03.23 13:20:05.768,7.63908,7.64032,2.25,1.50
2012.03.23 13:20:05.962,7.63949,7.64073,1.50,1.50
2012.03.23 13:20:06.098,7.63985,7.64111,1.50,1.50
2012.03.23 13:20:07.655,7.63961,7.64072,1.50,1.50
2012.03.23 13:20:07.733,7.63917,7.64041,1.50,1.50
2012.03.23 13:20:18.114,7.63905,7.64031,1.50,1.50
2012.03.23 13:20:19.383,7.63878,7.64001,2.25,1.50
2012.03.23 13:20:19.629,7.63894,7.64018,1.50,1.50
2012.03.23 13:20:35.784,7.63906,7.6403,1.50,1.50
2012.03.23 13:20:38.553,7.63894,7.6402,1.50,1.50
2012.03.23 13:21:14.326,7.63976,7.6414,1.50,1.50
2012.03.23 13:21:14.474,7.63963,7.64129,1.50,1.50
2012.03.23 13:21:16.780,7.63983,7.64109,1.50,2.25
2012.03.23 13:21:16.908,7.6396,7.64066,1.50,1.50
2012.03.23 13:21:16.979,7.6394,7.64066,1.50,1.50
2012.03.23 13:21:17.488,7.63929,7.64055,1.50,1.50
2012.03.23 13:21:19.031,7.6392,7.64046,1.50,1.50
2012.03.23 13:21:19.459,7.6392,7.64046,2.33,1.50
2012.03.23 13:21:19.657,7.63938,7.64062,2.33,1.50
2012.03.23 13:21:20.211,7.63938,7.64062,2.33,1.50
2012.03.23 13:21:21.017,7.63938,7.64062,1.50,1.50
2012.03.23 13:21:21.162,7.63927,7.64053,1.50,1.50
2012.03.23 13:21:21.687,7.63927,7.64042,1.50,2.25
2012.03.23 13:21:21.780,7.63865,7.63989,1.50,1.50
2012.03.23 13:21:39.617,7.63858,7.63979,2.25,1.50
2012.03.23 13:21:39.686,7.63868,7.63992,1.50,1.50
2012.03.23 13:21:39.760,7.63868,7.63992,2.33,1.50
2012.03.23 13:21:42.065,7.63868,7.63992,2.33,1.95
2012.03.23 13:21:42.197,7.6386,7.63984,2.33,1.50
2012.03.23 13:21:44.195,7.63873,7.63999,2.33,2.33
2012.03.23 13:21:47.085,7.63865,7.63989,2.33,1.50
2012.03.23 13:22:48.065,7.63837,7.64036,3.08,1.58
2012.03.23 13:23:28.946,7.63837,7.63918,2.25,1.35
2012.03.23 13:23:29.136,7.63688,7.63849,1.20,1.50
2012.03.23 13:23:29.266,7.63683,7.63849,2.25,1.50
2012.03.23 13:23:29.339,7.63667,7.6383,1.50,1.50
2012.03.23 13:23:29.413,7.63664,7.6383,2.25,1.50
2012.03.23 13:23:29.545,7.63655,7.63819,2.25,1.50
2012.03.23 13:23:30.453,7.63675,7.63799,2.25,1.50
2012.03.23 13:23:33.422,7.63675,7.63799,2.25,1.50
2012.03.23 13:23:36.618,7.63675,7.63799,1.50,1.50
2012.03.23 13:23:36.849,7.63675,7.63799,2.25,1.50
2012.03.23 13:23:39.810,7.63675,7.63799,1.50,2.25
2012.03.23 13:23:40.122,7.63538,7.6368,1.50,1.50
2012.03.23 13:23:40.197,7.63514,7.6368,1.50,1.50
2012.03.23 13:23:40.326,7.63514,7.63672,1.50,2.25
2012.03.23 13:23:40.666,7.63494,7.63658,2.25,1.50
2012.03.23 13:23:40.976,7.63494,7.63643,1.50,2.25
2012.03.23 13:23:41.048,7.63479,7.63643,1.50,2.25
2012.03.23 13:23:41.118,7.63479,7.63643,1.50,3.00
2012.03.23 13:23:41.186,7.63479,7.63603,1.50,1.50
2012.03.23 13:23:41.256,7.63468,7.63594,2.25,1.50
2012.03.23 13:23:41.388,7.63458,7.63582,1.50,3.75
2012.03.23 13:23:41.457,7.63458,7.63582,1.50,4.58
2012.03.23 13:23:41.721,7.63456,7.63573,1.50,3.08
2012.03.23 13:23:41.902,7.63456,7.63573,1.50,3.08
2012.03.23 13:23:42.418,7.6347,7.63573,1.50,3.08
2012.03.23 13:23:42.868,7.6347,7.63573,1.50,3.08
2012.03.23 13:23:43.868,7.63486,7.63612,1.50,2.25
2012.03.23 13:23:43.997,7.63486,7.63612,1.50,1.50
2012.03.23 13:23:44.187,7.63518,7.63612,1.50,1.50
2012.03.23 13:23:44.259,7.63542,7.63666,1.50,2.25
2012.03.23 13:23:44.758,7.63518,7.63553,1.50,2.25
2012.03.23 13:23:44.827,7.63518,7.63553,1.50,2.25
2012.03.23 13:23:44.898,7.63434,7.63553,2.25,2.25
2012.03.23 13:23:44.968,7.63425,7.63553,1.50,2.25
2012.03.23 13:23:45.096,7.63425,7.63563,1.50,2.25
2012.03.23 13:23:45.802,7.63528,7.63667,1.50,1.50
2012.03.23 13:23:45.929,7.63595,7.6373,1.50,5.10
2012.03.23 13:23:46.058,7.63595,7.63761,1.50,1.50
2012.03.23 13:23:46.132,7.63646,7.63784,1.50,1.50
2012.03.23 13:23:46.206,7.63646,7.6381,1.50,2.25
2012.03.23 13:23:47.384,7.63666,7.6379,1.50,2.25
2012.03.23 13:23:47.543,7.63666,7.6379,1.50,2.25
2012.03.23 13:23:48.309,7.63641,7.63722,1.50,1.50
2012.03.23 13:23:48.389,7.63596,7.63722,1.50,2.25
2012.03.23 13:23:48.470,7.63596,7.63712,1.50,2.25
2012.03.23 13:23:48.544,7.63578,7.63702,1.50,1.50
2012.03.23 13:23:49.056,7.63578,7.63702,1.50,2.10
2012.03.23 13:23:49.377,7.63547,7.63662,1.50,2.25
2012.03.23 13:23:49.518,7.63547,7.63671,1.50,1.50
2012.03.23 13:23:49.588,7.63537,7.63661,1.50,1.50
2012.03.23 13:23:50.201,7.63562,7.63686,1.50,2.25
2012.03.23 13:23:50.529,7.63569,7.63663,1.50,3.00
2012.03.23 13:23:51.197,7.63569,7.63617,1.50,1.50
2012.03.23 13:23:51.393,7.63423,7.63558,1.20,1.50
2012.03.23 13:23:51.471,7.63414,7.63558,1.50,1.50
2012.03.23 13:23:51.538,7.63475,7.63573,1.50,2.25
2012.03.23 13:23:51.608,7.63475,7.63582,1.50,1.50
2012.03.23 13:23:51.679,7.63499,7.63622,1.50,3.00
2012.03.23 13:23:52.521,7.63495,7.63621,1.50,2.25
2012.03.23 13:23:52.599,7.63472,7.63563,1.50,3.08
2012.03.23 13:23:52.739,7.63459,7.63563,1.50,3.08
2012.03.23 13:23:53.040,7.63439,7.63552,1.50,3.08
2012.03.23 13:23:53.684,7.63439,7.63552,1.50,3.08
2012.03.23 13:23:54.018,7.63453,7.63558,1.50,1.58
2012.03.23 13:23:54.630,7.6346,7.63562,1.50,1.20
2012.03.23 13:23:54.704,7.63476,7.63602,1.50,4.58
2012.03.23 13:23:55.036,7.63485,7.63602,1.50,3.08
2012.03.23 13:23:57.850,7.63493,7.63602,1.50,3.08
2012.03.23 13:23:59.386,7.63473,7.63599,1.50,2.33
2012.03.23 13:24:00.226,7.63473,7.63577,1.50,1.35
2012.03.23 13:24:00.299,7.63473,7.63575,1.50,1.35
2012.03.23 13:24:00.438,7.63433,7.63532,1.50,2.25
2012.03.23 13:24:00.507,7.63399,7.63525,2.25,1.50
2012.03.23 13:24:00.789,7.63413,7.63532,2.25,2.25
2012.03.23 13:24:01.466,7.63413,7.63532,2.25,2.25
2012.03.23 13:24:02.457,7.63413,7.63532,2.25,2.25
2012.03.23 13:24:03.437,7.63413,7.63532,2.25,2.25
2012.03.23 13:24:06.558,7.6339,7.63511,2.25,1.50
2012.03.23 13:24:06.807,7.63425,7.63532,1.50,2.25
2012.03.23 13:24:10.318,7.63403,7.63527,2.25,1.50
2012.03.23 13:24:12.042,7.63393,7.63517,2.25,1.50
2012.03.23 13:24:14.486,7.63404,7.6353,2.25,1.50
2012.03.23 13:24:15.026,7.63386,7.6351,2.25,1.50
2012.03.23 13:24:15.916,7.63414,7.63532,2.25,2.25
2012.03.23 13:24:19.633,7.63401,7.63525,2.25,1.50
2012.03.23 13:24:21.345,7.63391,7.63515,2.25,1.50
2012.03.23 13:24:23.019,7.63378,7.63504,2.25,1.50
2012.03.23 13:24:24.245,7.63387,7.63513,2.25,1.50
2012.03.23 13:24:30.167,7.63387,7.63513,2.25,1.50
2012.03.23 13:24:30.766,7.63374,7.63498,2.25,1.50
2012.03.23 13:24:34.603,7.63374,7.63498,2.25,1.50
2012.03.23 13:24:36.666,7.63387,7.63511,2.25,1.50
2012.03.23 13:24:36.767,7.63387,7.63511,1.50,1.50
2012.03.23 13:24:37.277,7.63366,7.63492,2.25,1.50
2012.03.23 13:24:40.226,7.63366,7.63492,2.10,1.50
2012.03.23 13:24:40.356,7.6341,7.63536,1.50,1.50
2012.03.23 13:24:40.609,7.63422,7.63548,1.50,1.50
2012.03.23 13:24:42.507,7.6341,7.63536,1.50,1.50
2012.03.23 13:24:43.039,7.63373,7.63497,2.25,1.50
2012.03.23 13:24:44.475,7.63373,7.63497,1.50,1.50
2012.03.23 13:24:45.020,7.63359,7.63485,2.33,1.50
2012.03.23 13:24:45.853,7.63365,7.63485,1.20,1.50
2012.03.23 13:24:46.449,7.63365,7.63485,1.20,1.50
2012.03.23 13:24:47.218,7.63359,7.63485,2.33,1.50
2012.03.23 13:24:47.663,7.63365,7.63485,1.20,1.50
2012.03.23 13:24:48.154,7.63359,7.63485,2.33,1.50
2012.03.23 13:24:48.235,7.63365,7.63485,1.20,1.50
2012.03.23 13:24:52.269,7.63359,7.63485,2.33,1.50
2012.03.23 13:24:53.269,7.63365,7.63485,1.20,1.50
2012.03.23 13:24:54.027,7.63371,7.63495,1.50,1.50
2012.03.23 13:24:54.264,7.63357,7.63483,1.95,1.50
2012.03.23 13:24:57.698,7.63357,7.63389,1.50,1.35
2012.03.23 13:24:57.841,7.63191,7.63318,1.20,1.50
2012.03.23 13:24:57.910,7.63173,7.63318,1.47,1.50
2012.03.23 13:24:57.981,7.63172,7.63318,2.33,1.50
2012.03.23 13:24:58.416,7.63296,7.63337,1.50,1.50
2012.03.23 13:24:58.500,7.63191,7.63337,2.33,1.50
2012.03.23 13:24:58.796,7.63237,7.63337,2.25,1.50
2012.03.23 13:24:58.930,7.6325,7.63379,1.50,1.50
2012.03.23 13:24:58.997,7.63275,7.63419,1.50,1.50
2012.03.23 13:25:01.423,7.63276,7.63402,1.50,1.50
2012.03.23 13:25:04.719,7.63266,7.63392,1.50,1.50
2012.03.23 13:25:12.013,7.63275,7.63399,1.50,1.50
2012.03.23 13:25:12.816,7.63265,7.63391,1.50,1.50
2012.03.23 13:25:13.173,7.63299,7.63391,1.20,1.50
2012.03.23 13:25:13.450,7.63362,7.63468,1.50,1.50
2012.03.23 13:25:13.589,7.63339,7.6342,1.50,1.50
2012.03.23 13:25:14.546,7.63284,7.6341,2.33,1.50
2012.03.23 13:25:16.732,7.6329,7.6341,1.20,1.50
2012.03.23 13:25:17.371,7.63284,7.6341,2.33,1.50
2012.03.23 13:25:17.724,7.6329,7.6341,1.20,1.50
2012.03.23 13:25:24.238,7.63295,7.63419,2.25,1.50
2012.03.23 13:25:25.790,7.63295,7.63419,1.50,1.50
2012.03.23 13:25:26.550,7.63295,7.63419,2.25,1.50
2012.03.23 13:25:28.132,7.63295,7.63419,2.25,1.50
2012.03.23 13:25:28.464,7.6329,7.63409,1.20,1.50
2012.03.23 13:25:28.778,7.63295,7.63419,2.25,1.50
2012.03.23 13:25:38.813,7.63295,7.63419,2.25,1.50
2012.03.23 13:25:40.737,7.63295,7.63419,2.25,1.50
2012.03.23 13:25:42.217,7.63295,7.63419,2.25,1.50
2012.03.23 13:25:43.328,7.63311,7.63435,1.50,1.50
2012.03.23 13:25:43.487,7.63302,7.63426,1.50,1.50
2012.03.23 13:25:44.382,7.63316,7.6344,1.50,1.50
2012.03.23 13:25:45.630,7.63316,7.6344,2.33,1.50
2012.03.23 13:25:51.237,7.63316,7.6344,2.33,1.50
2012.03.23 13:25:51.384,7.63333,7.63452,2.33,1.50
2012.03.23 13:25:51.458,7.63333,7.63457,2.33,1.50
2012.03.23 13:25:59.498,7.63333,7.63457,2.33,1.50
2012.03.23 13:25:59.568,7.63309,7.63435,2.33,1.50
2012.03.23 13:26:03.463,7.63309,7.63435,2.33,1.50
2012.03.23 13:26:06.711,7.63309,7.63435,2.33,1.50
2012.03.23 13:26:06.969,7.63328,7.63452,2.33,1.50
2012.03.23 13:26:09.243,7.63328,7.63452,2.33,1.50
2012.03.23 13:26:09.322,7.63344,7.63468,2.33,1.50
2012.03.23 13:26:09.400,7.63344,7.63468,2.33,1.50
2012.03.23 13:26:09.477,7.63364,7.6349,2.33,1.50
2012.03.23 13:26:12.386,7.63373,7.63499,2.33,1.50
2012.03.23 13:26:40.133,7.63373,7.63499,2.33,1.50
2012.03.23 13:26:42.275,7.63383,7.63507,2.33,1.50
2012.03.23 13:26:53.160,7.63383,7.63507,2.33,1.50
2012.03.23 13:26:53.350,7.63399,7.63523,2.33,1.50
2012.03.23 13:26:54.467,7.63407,7.63533,2.33,1.50
2012.03.23 13:26:54.740,7.63427,7.63551,2.33,1.50
2012.03.23 13:27:00.694,7.63438,7.63563,1.58,1.50
2012.03.23 13:27:39.680,7.63475,7.63572,1.20,1.50
2012.03.23 13:27:52.240,7.63478,7.63572,1.58,1.50
2012.03.23 13:27:52.605,7.63478,7.63563,1.58,1.50
2012.03.23 13:27:54.379,7.63478,7.63572,1.58,1.50
2012.03.23 13:28:07.520,7.63478,7.63565,1.58,1.50
2012.03.23 13:28:07.649,7.63476,7.63565,1.58,1.50
2012.03.23 13:28:13.426,7.63439,7.63565,2.25,1.50
2012.03.23 13:28:13.495,7.63439,7.63533,1.50,2.10
2012.03.23 13:28:13.691,7.63297,7.63438,1.50,1.50
2012.03.23 13:28:13.819,7.63294,7.63438,1.50,1.50
2012.03.23 13:28:13.890,7.63278,7.63404,1.58,1.50
2012.03.23 13:28:14.430,7.63258,7.63404,1.50,1.50
2012.03.23 13:28:14.504,7.63284,7.63428,1.50,1.50
2012.03.23 13:28:14.698,7.63332,7.63458,1.50,1.50
2012.03.23 13:28:15.932,7.63332,7.63458,1.50,2.33
2012.03.23 13:28:22.215,7.63322,7.63446,1.95,2.33
2012.03.23 13:28:22.360,7.63334,7.63458,1.50,2.33
2012.03.23 13:28:25.921,7.63334,7.63458,1.50,2.33
2012.03.23 13:28:26.108,7.63316,7.63433,1.50,3.08
2012.03.23 13:28:26.261,7.63292,7.63416,1.50,2.33
2012.03.23 13:28:32.027,7.63278,7.63398,1.20,2.33
2012.03.23 13:28:36.856,7.63293,7.63417,1.50,2.33
2012.03.23 13:28:44.051,7.63279,7.63403,2.33,2.33
2012.03.23 13:28:45.390,7.63279,7.63403,1.95,2.33
2012.03.23 13:28:46.439,7.63279,7.63403,1.50,2.33
2012.03.23 13:28:49.393,7.63279,7.63403,1.95,2.33
2012.03.23 13:28:55.053,7.63279,7.63403,1.50,2.33
2012.03.23 13:28:57.642,7.63279,7.63403,1.50,1.50
2012.03.23 13:28:57.767,7.63332,7.63427,1.50,1.58
2012.03.23 13:28:58.087,7.63297,7.63419,2.25,2.33
2012.03.23 13:28:58.157,7.63277,7.63401,1.50,1.50
2012.03.23 13:28:59.518,7.63277,7.63401,2.25,1.50
2012.03.23 13:29:00.508,7.63277,7.63401,2.25,1.50
2012.03.23 13:29:24.807,7.63293,7.63417,1.50,2.33
2012.03.23 13:29:25.450,7.63293,7.63417,2.33,1.95
2012.03.23 13:29:26.495,7.63298,7.63417,1.58,1.50
2012.03.23 13:29:27.343,7.63298,7.63417,1.58,1.50
2012.03.23 13:29:27.658,7.63302,7.63426,2.33,1.50
2012.03.23 13:29:28.543,7.63302,7.63426,2.33,1.50
2012.03.23 13:29:28.871,7.63307,7.63426,3.08,1.50
2012.03.23 13:29:28.939,7.63318,7.63444,2.33,1.50
2012.03.23 13:29:29.015,7.63351,7.63467,1.95,2.33
2012.03.23 13:29:29.450,7.63351,7.63477,2.33,2.33
2012.03.23 13:29:29.769,7.63351,7.63477,2.33,2.33
2012.03.23 13:29:30.481,7.63351,7.63477,2.33,1.95
2012.03.23 13:29:31.368,7.63351,7.63462,1.50,3.08
2012.03.23 13:29:31.437,7.63297,7.63421,1.50,1.50
2012.03.23 13:29:31.627,7.63311,7.63435,1.50,1.50
2012.03.23 13:29:59.350,7.63319,7.63443,1.50,1.50
2012.03.23 13:29:59.924,7.63319,7.63443,2.33,2.33
2012.03.23 13:30:10.382,7.63319,7.63443,2.33,2.33
2012.03.23 13:30:19.400,7.63319,7.63443,2.33,2.33
2012.03.23 13:30:46.621,7.63274,7.634,1.95,2.33
2012.03.23 13:30:46.929,7.63275,7.634,1.20,2.33
2012.03.23 13:30:47.429,7.63275,7.634,1.20,2.33
2012.03.23 13:30:50.871,7.63358,7.63468,1.50,1.50
2012.03.23 13:30:50.941,7.63381,7.63507,1.50,1.95
2012.03.23 13:31:10.611,7.63381,7.63507,2.25,1.95
2012.03.23 13:31:12.530,7.63381,7.63507,1.50,1.95
2012.03.23 13:31:12.609,7.63381,7.63507,2.25,1.95
2012.03.23 13:31:14.639,7.63381,7.63507,1.50,1.95
2012.03.23 13:31:14.719,7.63374,7.63498,2.25,1.50
2012.03.23 13:31:15.461,7.63374,7.63498,2.25,1.50
2012.03.23 13:31:16.732,7.63374,7.63498,2.25,1.50
2012.03.23 13:31:20.708,7.63402,7.63498,1.43,1.50
2012.03.23 13:31:21.308,7.63446,7.6357,1.50,1.50
2012.03.23 13:31:50.818,7.63454,7.63578,1.50,1.50
2012.03.23 13:31:57.371,7.63454,7.63563,1.50,2.25
2012.03.23 13:31:57.439,7.63428,7.63552,1.50,1.50
2012.03.23 13:31:57.508,7.63408,7.63532,1.95,1.50
2012.03.23 13:32:09.266,7.63411,7.63532,1.20,1.50
2012.03.23 13:32:17.482,7.63443,7.63567,1.50,1.50
2012.03.23 13:32:20.541,7.63443,7.63567,2.25,1.50
2012.03.23 13:32:24.241,7.63443,7.63563,2.25,2.25
2012.03.23 13:32:24.310,7.63443,7.63563,1.50,2.25
2012.03.23 13:32:24.380,7.63411,7.63532,1.20,2.33
2012.03.23 13:32:27.436,7.63411,7.63532,1.20,2.33
2012.03.23 13:32:38.399,7.63411,7.63532,1.20,2.33
2012.03.23 13:32:54.181,7.63411,7.63532,1.20,2.33
2012.03.23 13:32:54.770,7.63457,7.63544,2.25,1.50
2012.03.23 13:32:54.840,7.63462,7.63586,1.50,1.50
2012.03.23 13:32:55.029,7.63505,7.63629,1.50,2.25
2012.03.23 13:32:55.798,7.63481,7.63591,1.50,1.50
2012.03.23 13:32:55.868,7.63465,7.63591,1.50,1.50
2012.03.23 13:32:56.900,7.63465,7.63591,2.25,1.50
2012.03.23 13:32:56.977,7.63465,7.63591,2.25,1.50
2012.03.23 13:32:57.861,7.63465,7.63591,2.25,1.50
2012.03.23 13:32:58.688,7.63465,7.63591,2.25,1.50
2012.03.23 13:33:05.808,7.63452,7.63578,2.25,1.50
2012.03.23 13:33:09.601,7.63462,7.63586,2.25,1.50
2012.03.23 13:33:10.191,7.63462,7.63586,1.50,1.50
2012.03.23 13:33:11.161,7.63448,7.63572,1.50,1.50
2012.03.23 13:33:11.399,7.6346,7.63586,1.50,1.50
2012.03.23 13:33:20.845,7.63452,7.63578,2.25,1.50
2012.03.23 13:33:21.253,7.63452,7.63578,1.50,1.50
2012.03.23 13:33:21.539,7.63452,7.63578,2.25,1.50
2012.03.23 13:33:24.242,7.63437,7.63563,2.25,1.50
2012.03.23 13:33:24.900,7.63447,7.63571,2.25,1.50
2012.03.23 13:33:26.438,7.63436,7.63562,2.25,1.50
2012.03.23 13:33:27.407,7.63436,7.63562,2.25,1.50
2012.03.23 13:33:28.232,7.63436,7.63562,1.50,1.50
2012.03.23 13:33:28.297,7.63447,7.63562,2.25,1.50
2012.03.23 13:33:28.369,7.63462,7.63586,1.50,3.00
2012.03.23 13:33:28.567,7.63477,7.63601,1.50,1.50
2012.03.23 13:33:33.496,7.63489,7.63613,1.50,1.50
2012.03.23 13:33:51.510,7.63497,7.63621,1.50,1.50
2012.03.23 13:33:58.310,7.63507,7.63631,1.50,1.50
2012.03.23 13:34:11.998,7.63507,7.63631,1.50,2.33
2012.03.23 13:34:18.288,7.63499,7.63623,1.50,2.33
2012.03.23 13:34:26.995,7.63499,7.63623,1.50,2.33
2012.03.23 13:34:27.357,7.63499,7.63623,1.50,2.33
2012.03.23 13:34:27.839,7.63476,7.63602,2.33,2.33
2012.03.23 13:34:44.097,7.63476,7.63602,1.95,2.33
2012.03.23 13:34:44.419,7.63476,7.63602,1.95,2.33
2012.03.23 13:35:05.334,7.63476,7.63602,2.33,2.33
2012.03.23 13:35:05.739,7.63476,7.63602,1.95,2.33
2012.03.23 13:35:07.129,7.63492,7.63616,1.50,2.33
2012.03.23 13:35:07.638,7.63477,7.63603,1.95,2.33
2012.03.23 13:35:30.443,7.63477,7.63603,1.50,2.33
2012.03.23 13:35:31.280,7.63465,7.63589,1.50,2.33
2012.03.23 13:35:35.115,7.63481,7.63607,1.50,2.33
2012.03.23 13:35:40.752,7.63481,7.63607,1.50,2.33
2012.03.23 13:35:41.404,7.6347,7.63596,1.50,2.33
2012.03.23 13:35:41.489,7.6347,7.63596,1.50,2.33
2012.03.23 13:35:49.544,7.6347,7.63596,1.50,2.33
2012.03.23 13:35:55.828,7.6347,7.63596,1.50,2.33
2012.03.23 13:35:55.918,7.6347,7.63596,1.50,2.33
2012.03.23 13:35:57.945,7.6347,7.63596,1.50,2.33
2012.03.23 13:36:00.617,7.63462,7.63588,1.50,2.33
2012.03.23 13:36:00.697,7.63462,7.63588,1.50,2.33
2012.03.23 13:36:03.458,7.63462,7.63588,1.50,2.33
2012.03.23 13:36:03.673,7.63462,7.63588,1.50,2.33
2012.03.23 13:36:04.987,7.63447,7.63573,2.33,2.33
2012.03.23 13:36:07.526,7.63458,7.63573,1.58,1.50
2012.03.23 13:36:07.813,7.6347,7.63593,1.58,1.50
2012.03.23 13:36:09.230,7.63475,7.63593,1.58,2.25
2012.03.23 13:36:10.943,7.63482,7.63602,1.43,2.25
2012.03.23 13:36:11.017,7.63554,7.63652,1.50,1.58
2012.03.23 13:36:11.278,7.6351,7.63636,1.50,2.33
2012.03.23 13:36:11.420,7.63502,7.63628,1.50,1.95
2012.03.23 13:36:12.406,7.63495,7.63606,1.58,1.50
2012.03.23 13:36:25.295,7.63499,7.63625,1.95,2.25
2012.03.23 13:36:25.760,7.63485,7.63603,1.58,1.50
2012.03.23 13:36:33.361,7.63488,7.63614,3.08,1.50
2012.03.23 13:36:39.934,7.63494,7.6362,2.33,1.95
2012.03.23 13:37:10.550,7.63511,7.63637,1.50,2.33
2012.03.23 13:37:14.461,7.63511,7.63637,1.95,2.33
2012.03.23 13:37:31.306,7.63515,7.63637,1.20,2.33
2012.03.23 13:37:31.619,7.63518,7.63637,2.33,1.50
2012.03.23 13:37:31.691,7.63528,7.63654,2.33,2.33
2012.03.23 13:37:31.764,7.63528,7.63654,2.33,1.50
2012.03.23 13:37:31.913,7.63546,7.6367,2.33,2.33
2012.03.23 13:40:16.107,7.63565,7.63691,1.50,2.33
2012.03.23 13:40:24.003,7.63558,7.63682,1.50,2.33
2012.03.23 13:40:33.358,7.63565,7.63691,1.50,2.33
2012.03.23 13:40:39.119,7.63552,7.63678,1.95,2.33
2012.03.23 13:40:46.221,7.63535,7.63659,3.08,1.50
2012.03.23 13:40:48.140,7.63555,7.63679,1.95,2.33
2012.03.23 13:40:48.211,7.63555,7.63679,2.33,1.50
2012.03.23 13:40:48.916,7.63602,7.63718,2.33,1.50
2012.03.23 13:40:49.013,7.63609,7.63728,1.58,1.50
2012.03.23 13:40:49.574,7.63625,7.63749,2.33,2.33
2012.03.23 13:40:53.288,7.63633,7.63757,1.50,2.33
2012.03.23 13:41:09.052,7.6364,7.63766,1.50,2.33
2012.03.23 13:41:09.359,7.63624,7.6375,2.33,2.33
2012.03.23 13:41:09.788,7.63634,7.6376,1.50,2.33
2012.03.23 13:41:11.218,7.63634,7.6376,1.50,2.33
2012.03.23 13:41:11.470,7.63612,7.63738,1.50,2.33
2012.03.23 13:41:11.717,7.63612,7.63732,1.50,1.58
2012.03.23 13:41:11.908,7.63587,7.63711,1.50,2.33
2012.03.23 13:41:11.977,7.63568,7.63694,1.50,2.33
2012.03.23 13:41:16.456,7.63568,7.63694,2.25,2.33
2012.03.23 13:41:17.873,7.63614,7.63738,1.50,2.33
2012.03.23 13:41:18.030,7.63614,7.63738,2.33,1.95
2012.03.23 13:41:18.110,7.63605,7.63731,2.33,1.50
2012.03.23 13:41:18.182,7.63617,7.63741,2.33,2.33
2012.03.23 13:41:19.276,7.63639,7.63765,1.50,2.33
2012.03.23 13:41:20.638,7.63629,7.63753,1.95,2.33
2012.03.23 13:41:23.194,7.63669,7.63753,1.50,2.33
2012.03.23 13:41:23.522,7.63693,7.63783,1.50,1.43
2012.03.23 13:41:33.366,7.63629,7.63755,1.95,2.33
2012.03.23 13:42:32.954,7.6363,7.63755,1.20,2.33
2012.03.23 13:42:33.435,7.63627,7.63793,1.20,1.58
2012.03.23 13:42:38.371,7.6363,7.63793,1.20,1.58
2012.03.23 13:42:40.023,7.63638,7.63764,1.50,2.33
2012.03.23 13:42:44.884,7.63638,7.63764,2.25,2.33
2012.03.23 13:42:44.959,7.63638,7.63764,1.50,2.33
2012.03.23 13:42:45.061,7.63638,7.63764,2.25,2.33
2012.03.23 13:42:46.532,7.63638,7.63764,1.50,2.33
2012.03.23 13:42:50.525,7.63638,7.63764,2.25,2.33
2012.03.23 13:42:51.706,7.63638,7.63764,1.50,2.33
2012.03.23 13:42:52.475,7.63638,7.63764,2.25,2.33
2012.03.23 13:43:04.436,7.63638,7.63764,2.25,1.50
2012.03.23 13:43:04.915,7.63638,7.63764,2.25,2.33
2012.03.23 13:43:52.698,7.636,7.63793,1.58,1.58
2012.03.23 13:44:52.688,7.63627,7.63783,1.20,3.08
2012.03.23 13:45:21.558,7.636,7.63763,1.20,1.58
2012.03.23 13:45:22.211,7.63616,7.63742,1.50,2.33
2012.03.23 13:45:22.292,7.63616,7.63742,1.50,2.33
2012.03.23 13:45:23.363,7.63616,7.63742,2.33,2.33
2012.03.23 13:45:24.102,7.63626,7.6375,1.50,2.33
2012.03.23 13:45:24.924,7.63634,7.63758,1.50,2.33
2012.03.23 13:45:49.127,7.63634,7.63758,2.25,2.33
2012.03.23 13:45:53.739,7.63634,7.63758,1.50,2.33
2012.03.23 13:45:58.060,7.63625,7.63751,1.50,2.33
2012.03.23 13:46:01.866,7.63625,7.63751,2.25,2.33
2012.03.23 13:46:03.177,7.63625,7.63751,1.50,2.33
2012.03.23 13:46:11.393,7.63625,7.63751,1.50,2.33
2012.03.23 13:46:13.138,7.63634,7.63758,1.50,2.33
2012.03.23 13:46:18.219,7.63634,7.63758,2.25,2.33
2012.03.23 13:46:23.482,7.63638,7.63758,1.50,2.33
2012.03.23 13:46:23.595,7.63634,7.63758,2.25,2.33
2012.03.23 13:46:24.307,7.63634,7.63758,2.25,2.33
2012.03.23 13:46:32.176,7.63634,7.63758,2.25,2.33
2012.03.23 13:46:33.809,7.63634,7.63758,2.25,2.33
2012.03.23 13:46:42.690,7.63634,7.63758,1.50,2.33
2012.03.23 13:46:45.782,7.63634,7.63758,2.25,2.33
2012.03.23 13:46:49.329,7.63634,7.63758,1.50,2.33
2012.03.23 13:46:49.956,7.63634,7.63758,2.25,2.33
2012.03.23 13:46:53.760,7.63634,7.63758,1.50,2.33
2012.03.23 13:46:55.861,7.63634,7.63758,2.25,2.33
2012.03.23 13:46:55.934,7.63634,7.63758,1.50,2.33
2012.03.23 13:47:13.384,7.63617,7.63783,1.58,3.08
2012.03.23 13:47:33.664,7.63641,7.63767,1.50,2.33
2012.03.23 13:48:34.607,7.63623,7.63783,1.20,3.08
2012.03.23 13:48:37.514,7.63623,7.63783,1.20,3.08
2012.03.23 13:48:40.714,7.63613,7.63783,1.58,3.08
2012.03.23 13:49:09.475,7.63597,7.63783,1.20,3.08
2012.03.23 13:49:10.191,7.63603,7.63729,1.50,2.33
2012.03.23 13:49:11.688,7.63603,7.63729,1.50,2.33
2012.03.23 13:49:13.768,7.63603,7.63729,1.50,2.33
2012.03.23 13:49:14.090,7.63596,7.6372,1.50,2.33
2012.03.23 13:49:14.159,7.63596,7.6372,1.50,2.33
2012.03.23 13:49:14.493,7.6358,7.63704,1.50,2.33
2012.03.23 13:49:14.563,7.63545,7.63669,1.50,2.33
2012.03.23 13:49:15.184,7.63548,7.63674,1.50,2.33
2012.03.23 13:49:15.274,7.63574,7.63693,1.95,2.33
2012.03.23 13:49:15.621,7.63583,7.63709,1.50,2.33
2012.03.23 13:49:16.290,7.63583,7.63709,1.50,2.33
2012.03.23 13:49:17.111,7.63569,7.63689,1.50,1.58
2012.03.23 13:49:21.150,7.63569,7.63689,2.33,1.58
2012.03.23 13:49:21.403,7.6359,7.63688,1.50,1.58
2012.03.23 13:49:21.742,7.63575,7.63698,1.50,1.58
2012.03.23 13:49:25.430,7.63575,7.63698,1.50,1.58
2012.03.23 13:49:31.703,7.63561,7.63685,1.50,2.33
2012.03.23 13:49:34.609,7.63561,7.63685,1.95,2.33
2012.03.23 13:49:34.868,7.63586,7.63702,1.50,1.58
2012.03.23 13:49:36.728,7.63586,7.63702,1.95,1.58
2012.03.23 13:49:36.992,7.63586,7.63712,1.50,2.33
2012.03.23 13:49:37.664,7.636,7.63726,1.50,2.33
2012.03.23 13:49:40.020,7.63554,7.63678,2.33,1.50
2012.03.23 13:49:44.476,7.63545,7.63671,2.33,1.50
2012.03.23 13:49:47.836,7.63528,7.63647,3.08,1.50
2012.03.23 13:49:48.695,7.63523,7.63647,2.33,1.50
2012.03.23 13:49:54.316,7.63523,7.63647,2.33,1.50
2012.03.23 13:50:01.030,7.63523,7.63647,2.33,1.50
2012.03.23 13:50:02.448,7.63517,7.63633,3.08,1.50
2012.03.23 13:50:09.533,7.63523,7.63649,2.33,1.50
2012.03.23 13:50:09.721,7.63528,7.63649,3.08,1.50
2012.03.23 13:50:25.387,7.63528,7.63649,3.83,1.50
2012.03.23 13:50:25.577,7.63528,7.63636,3.08,1.50
2012.03.23 13:50:25.709,7.6351,7.63636,2.33,1.50
2012.03.23 13:50:39.411,7.63527,7.63627,1.58,1.50
2012.03.23 13:51:04.331,7.63508,7.63627,1.58,1.50
2012.03.23 13:51:04.810,7.63528,7.63641,3.08,1.50
2012.03.23 13:51:07.354,7.63537,7.63641,1.58,1.50
2012.03.23 13:51:07.606,7.63513,7.6363,1.58,1.50
2012.03.23 13:51:26.468,7.63528,7.6363,1.58,1.50
2012.03.23 13:51:27.021,7.63519,7.63645,2.33,1.50
2012.03.23 13:51:27.858,7.63519,7.63645,2.33,1.50
2012.03.23 13:51:29.114,7.63538,7.63645,1.58,1.50
2012.03.23 13:51:29.533,7.63547,7.63645,1.58,1.50
2012.03.23 13:51:29.660,7.63547,7.63656,1.58,1.50
2012.03.23 13:51:29.863,7.63549,7.63675,2.33,1.50
2012.03.23 13:51:32.430,7.63558,7.63675,3.08,1.50
2012.03.23 13:51:34.898,7.63558,7.63675,3.08,1.50
2012.03.23 13:51:37.628,7.63558,7.63675,3.08,1.50
2012.03.23 13:51:37.976,7.63558,7.63675,1.58,1.50
2012.03.23 13:51:38.625,7.63567,7.63676,1.58,1.50
2012.03.23 13:51:39.126,7.63568,7.63676,3.08,1.50
2012.03.23 13:51:41.969,7.63568,7.63676,3.08,1.50
2012.03.23 13:51:42.109,7.63566,7.63684,1.58,1.50
2012.03.23 13:51:45.378,7.6356,7.63684,2.33,1.50
2012.03.23 13:51:45.446,7.63647,7.63684,1.50,1.50
2012.03.23 13:51:45.638,7.63677,7.63762,2.25,1.50
2012.03.23 13:51:45.769,7.63669,7.63792,1.50,3.00
2012.03.23 13:51:45.842,7.63617,7.63741,2.25,1.50
2012.03.23 13:51:46.424,7.63618,7.63742,1.50,1.50
2012.03.23 13:51:47.825,7.63593,7.63703,1.50,1.50
2012.03.23 13:51:47.900,7.63587,7.63703,2.25,1.50
2012.03.23 13:51:52.407,7.63597,7.63703,2.25,1.50
2012.03.23 13:51:52.757,7.63597,7.63703,3.08,1.50
2012.03.23 13:51:53.040,7.63598,7.63724,2.33,1.50
2012.03.23 13:51:53.124,7.63607,7.63718,1.58,1.50
2012.03.23 13:51:53.477,7.636,7.6371,1.58,1.50
2012.03.23 13:51:54.149,7.63597,7.6371,3.08,1.50
2012.03.23 13:51:54.766,7.63627,7.6371,2.25,1.50
2012.03.23 13:51:54.913,7.63584,7.6371,2.33,1.50
2012.03.23 13:51:54.982,7.63601,7.63725,1.50,1.50
2012.03.23 13:51:55.195,7.63599,7.63723,1.50,1.50
2012.03.23 13:51:55.653,7.63558,7.63683,2.25,1.50
2012.03.23 13:51:56.123,7.63528,7.6365,3.00,1.50
2012.03.23 13:51:59.362,7.63528,7.6365,3.00,1.50
2012.03.23 13:52:03.342,7.63532,7.63658,2.25,1.50
2012.03.23 13:52:05.441,7.63532,7.63658,1.50,1.50
2012.03.23 13:52:12.929,7.63532,7.63658,2.25,1.50
2012.03.23 13:52:14.990,7.63532,7.63658,1.50,1.50
2012.03.23 13:52:16.011,7.63533,7.63659,1.50,1.50
2012.03.23 13:52:16.968,7.63533,7.63659,2.33,1.50
2012.03.23 13:52:17.359,7.63533,7.63659,2.33,1.50
2012.03.23 13:52:24.716,7.63528,7.63651,1.58,1.50
2012.03.23 13:52:25.423,7.63536,7.6366,2.33,1.50
2012.03.23 13:52:25.996,7.63528,7.63652,3.08,1.50
2012.03.23 13:52:34.430,7.63567,7.6366,1.20,1.50
2012.03.23 13:52:34.513,7.63568,7.6366,3.08,1.50
2012.03.23 13:52:34.581,7.63568,7.63692,3.08,1.50
2012.03.23 13:52:34.652,7.63593,7.63715,2.33,1.50
2012.03.23 13:52:34.722,7.63593,7.63719,2.33,1.50
2012.03.23 13:52:34.984,7.63593,7.63719,2.33,1.50
2012.03.23 13:52:40.156,7.63593,7.63719,1.95,2.33
2012.03.23 13:52:40.301,7.63572,7.63698,2.33,1.50
2012.03.23 13:52:42.407,7.63597,7.63698,1.20,1.50
2012.03.23 13:52:45.432,7.63577,7.63698,1.58,1.50
2012.03.23 13:52:46.190,7.63577,7.63684,1.58,1.50
2012.03.23 13:52:47.068,7.63577,7.63697,1.58,1.50
2012.03.23 13:52:53.340,7.63577,7.63684,1.58,1.50
2012.03.23 13:52:57.522,7.63577,7.63696,1.58,1.50
2012.03.23 13:53:04.261,7.63577,7.63674,1.58,1.50
2012.03.23 13:53:04.739,7.63558,7.63683,1.58,1.50
2012.03.23 13:53:39.179,7.63569,7.63693,2.33,1.50
2012.03.23 13:53:39.254,7.63569,7.63693,2.33,1.95
2012.03.23 13:53:41.057,7.63569,7.63693,2.33,1.50
2012.03.23 13:53:41.370,7.63569,7.63693,2.33,1.50
2012.03.23 13:53:42.174,7.63561,7.63685,2.33,1.50
2012.03.23 13:54:04.897,7.63561,7.63685,1.95,2.33
2012.03.23 13:54:16.930,7.63469,7.63598,1.58,1.50
2012.03.23 13:54:17.383,7.63469,7.63606,1.58,1.50
2012.03.23 13:54:33.882,7.63469,7.63557,1.58,1.50
2012.03.23 13:54:34.084,7.63442,7.63568,1.50,1.50
2012.03.23 13:54:34.154,7.63429,7.63555,1.50,1.50
2012.03.23 13:54:34.485,7.63428,7.63552,1.50,1.50
2012.03.23 13:54:41.303,7.63411,7.63535,2.25,1.50
2012.03.23 13:54:41.740,7.63411,7.63535,2.10,1.50
2012.03.23 13:54:41.870,7.6347,7.6356,1.50,1.50
2012.03.23 13:54:41.941,7.6347,7.63594,1.50,1.50
2012.03.23 13:54:42.130,7.63448,7.63572,1.50,1.50
2012.03.23 13:54:42.757,7.63437,7.63563,1.50,1.50
2012.03.23 13:54:46.896,7.63428,7.63554,1.50,1.50
2012.03.23 13:54:49.083,7.63421,7.63545,1.50,1.50
2012.03.23 13:54:50.396,7.63428,7.63554,1.50,1.50
2012.03.23 13:54:50.621,7.63414,7.6354,1.50,1.50
2012.03.23 13:55:01.268,7.63414,7.6354,1.50,2.25
2012.03.23 13:55:01.482,7.63398,7.63519,2.25,1.50
2012.03.23 13:55:02.635,7.63404,7.6353,1.50,1.50
2012.03.23 13:55:05.908,7.63398,7.63521,2.25,1.50
2012.03.23 13:55:08.285,7.63398,7.63521,2.25,2.25
2012.03.23 13:55:08.959,7.63398,7.63521,2.25,1.50
2012.03.23 13:55:10.941,7.63398,7.63521,2.25,2.25
2012.03.23 13:55:11.699,7.63398,7.63521,2.25,1.50
2012.03.23 13:55:14.826,7.63398,7.63521,2.25,2.25
2012.03.23 13:55:14.992,7.63398,7.63521,2.25,1.50
2012.03.23 13:55:17.979,7.63398,7.63521,2.25,2.25
2012.03.23 13:55:18.549,7.63397,7.63521,1.95,2.25
2012.03.23 13:55:20.264,7.63397,7.63521,1.95,1.50
2012.03.23 13:55:20.895,7.63408,7.63532,1.50,1.50
2012.03.23 13:55:21.273,7.63408,7.63532,1.50,2.25
2012.03.23 13:55:21.936,7.63408,7.63532,1.50,2.25
2012.03.23 13:55:24.956,7.63408,7.63532,1.50,2.25
2012.03.23 13:55:25.519,7.63408,7.63532,1.50,1.50
2012.03.23 13:55:26.941,7.63397,7.63521,1.50,1.50
2012.03.23 13:55:27.282,7.63337,7.63461,1.50,1.50
2012.03.23 13:55:29.004,7.63337,7.63443,1.50,2.70
2012.03.23 13:55:29.080,7.6332,7.63443,1.50,2.70
2012.03.23 13:55:29.227,7.63312,7.63429,1.50,1.50
2012.03.23 13:55:29.453,7.63305,7.63429,1.50,1.50
2012.03.23 13:55:32.388,7.63296,7.63422,1.50,1.50
2012.03.23 13:55:36.451,7.63296,7.63403,1.50,3.08
2012.03.23 13:55:36.531,7.63273,7.63396,1.50,1.95
2012.03.23 13:55:36.952,7.63244,7.6337,1.50,1.50
2012.03.23 13:55:38.432,7.63254,7.63378,1.50,1.50
2012.03.23 13:55:38.962,7.63254,7.63353,1.50,1.58
2012.03.23 13:55:39.032,7.63235,7.63353,1.50,1.58
2012.03.23 13:55:39.100,7.63235,7.63343,1.50,3.83
2012.03.23 13:55:39.173,7.63175,7.63301,1.50,1.50
2012.03.23 13:55:39.387,7.63137,7.63249,2.25,1.50
2012.03.23 13:55:39.538,7.63162,7.63288,1.50,1.50
2012.03.23 13:55:40.193,7.63177,7.63303,1.50,2.33
2012.03.23 13:55:40.259,7.63153,7.63277,3.00,1.50
2012.03.23 13:55:42.725,7.63145,7.63269,1.50,1.50
2012.03.23 13:55:45.246,7.63152,7.63278,1.50,1.50
2012.03.23 13:55:45.543,7.63141,7.63267,1.50,1.50
2012.03.23 13:55:46.064,7.63141,7.63267,1.50,2.25
2012.03.23 13:55:46.778,7.63141,7.63267,1.50,1.50
2012.03.23 13:55:46.893,7.63141,7.63267,1.50,2.25
2012.03.23 13:55:49.940,7.63141,7.63267,1.50,2.25
2012.03.23 13:55:50.281,7.63141,7.63232,1.50,2.25
2012.03.23 13:55:50.499,7.6307,7.63194,1.50,1.50
2012.03.23 13:55:51.199,7.63042,7.63168,1.50,1.50
2012.03.23 13:55:52.761,7.63042,7.63168,1.50,2.25
2012.03.23 13:55:52.833,7.63042,7.63168,1.50,1.50
2012.03.23 13:55:52.903,7.63042,7.63168,1.50,2.25
2012.03.23 13:55:53.356,7.63059,7.63183,1.50,2.25
2012.03.23 13:55:54.209,7.63059,7.63183,1.50,1.50
2012.03.23 13:55:54.356,7.63102,7.63207,1.50,2.25
2012.03.23 13:55:55.615,7.6311,7.63236,1.50,2.25
2012.03.23 13:55:55.948,7.6311,7.63194,1.50,1.35
2012.03.23 13:55:56.102,7.6311,7.63173,1.50,1.50
2012.03.23 13:55:56.179,7.62963,7.63134,1.50,2.10
2012.03.23 13:55:56.258,7.62958,7.63109,1.50,1.35
2012.03.23 13:55:57.032,7.62991,7.63083,1.50,2.25
2012.03.23 13:55:57.155,7.62919,7.63065,1.50,1.50
2012.03.23 13:55:57.243,7.62939,7.63065,1.50,2.25
2012.03.23 13:55:57.319,7.62927,7.63053,1.50,2.25
2012.03.23 13:55:57.534,7.62875,7.63001,1.50,1.50
2012.03.23 13:55:58.630,7.62878,7.63001,2.25,1.50
2012.03.23 13:55:58.705,7.62909,7.63035,1.50,2.25
2012.03.23 13:55:58.791,7.62909,7.63035,1.50,1.50
2012.03.23 13:55:58.870,7.62885,7.63011,1.50,1.50
2012.03.23 13:56:03.377,7.62865,7.62991,1.50,1.50
2012.03.23 13:56:05.413,7.62865,7.62991,1.50,2.25
2012.03.23 13:56:06.442,7.62865,7.62991,1.50,2.25
2012.03.23 13:56:07.176,7.62827,7.62953,1.50,1.50
2012.03.23 13:56:08.505,7.62827,7.62953,1.50,2.25
2012.03.23 13:56:08.842,7.62827,7.62953,1.50,2.25
2012.03.23 13:56:09.411,7.62819,7.62945,1.50,2.25
2012.03.23 13:56:09.493,7.62831,7.62957,1.50,2.25
2012.03.23 13:56:09.950,7.62816,7.62942,1.50,1.50
2012.03.23 13:56:12.022,7.62807,7.62921,2.25,1.50
2012.03.23 13:56:12.217,7.62795,7.62921,1.50,1.50
2012.03.23 13:56:13.675,7.62787,7.62913,1.50,1.50
2012.03.23 13:56:16.172,7.62796,7.6292,1.50,1.50
2012.03.23 13:56:17.617,7.62831,7.62957,1.50,1.50
2012.03.23 13:56:18.062,7.62852,7.62978,1.50,2.25
2012.03.23 13:56:18.381,7.62852,7.62978,1.50,1.50
2012.03.23 13:56:23.033,7.62878,7.62978,2.25,1.50
2012.03.23 13:56:23.318,7.62868,7.62978,2.25,1.50
2012.03.23 13:56:23.974,7.62874,7.62978,1.50,1.50
2012.03.23 13:56:24.046,7.62898,7.63022,1.50,1.50
2012.03.23 13:56:24.795,7.62906,7.6303,1.50,1.50
2012.03.23 13:56:25.546,7.62896,7.63022,1.50,1.50
2012.03.23 13:56:26.367,7.62882,7.63008,1.50,1.50
2012.03.23 13:56:34.735,7.62882,7.63008,2.25,1.50
2012.03.23 13:56:35.103,7.62947,7.63008,2.25,1.50
2012.03.23 13:56:35.375,7.62957,7.63083,1.50,1.50
2012.03.23 13:56:37.103,7.62957,7.63073,1.50,2.25
2012.03.23 13:56:37.652,7.62881,7.63007,2.25,1.50
2012.03.23 13:56:44.981,7.62906,7.63007,1.50,1.50
2012.03.23 13:56:45.056,7.62916,7.6303,2.25,1.50
2012.03.23 13:56:45.205,7.62938,7.6304,2.25,1.50
2012.03.23 13:56:45.835,7.62948,7.6304,2.25,1.50
2012.03.23 13:56:45.915,7.62952,7.63076,1.50,1.50
2012.03.23 13:56:46.566,7.6296,7.63084,1.50,1.50
2012.03.23 13:56:51.280,7.62988,7.63084,2.25,1.50
2012.03.23 13:56:51.611,7.6299,7.63114,2.33,1.50
2012.03.23 13:56:53.405,7.62998,7.63122,2.33,1.50
2012.03.23 13:56:55.759,7.63021,7.63147,2.33,2.33
2012.03.23 13:57:02.739,7.63007,7.63113,1.19,2.25
2012.03.23 13:57:03.952,7.62989,7.63113,1.50,3.75
2012.03.23 13:57:04.027,7.62965,7.63062,2.25,1.50
2012.03.23 13:57:05.004,7.62946,7.63072,2.25,1.50
2012.03.23 13:57:05.374,7.62954,7.6308,2.25,1.50
2012.03.23 13:57:05.516,7.62954,7.6308,2.25,1.50
2012.03.23 13:57:09.135,7.62946,7.6307,2.25,1.50
2012.03.23 13:57:15.076,7.62957,7.63083,2.25,1.50
2012.03.23 13:57:21.295,7.62968,7.63092,2.25,1.50
2012.03.23 13:57:27.841,7.62985,7.63111,2.25,1.50
2012.03.23 13:57:27.971,7.63008,7.63134,1.50,1.50
2012.03.23 13:57:31.298,7.63008,7.63134,2.33,1.50
2012.03.23 13:57:31.729,7.63008,7.63134,1.50,1.50
2012.03.23 13:57:31.806,7.63008,7.63122,1.50,2.25
2012.03.23 13:57:32.195,7.62945,7.63122,2.25,2.25
2012.03.23 13:57:32.280,7.62918,7.63103,3.00,1.50
2012.03.23 13:57:33.193,7.62918,7.63094,3.00,1.50
2012.03.23 13:57:36.503,7.62908,7.63094,3.00,1.50
2012.03.23 13:57:37.142,7.62897,7.63087,3.00,1.50
2012.03.23 13:57:39.737,7.62921,7.63087,1.35,1.50
2012.03.23 13:57:39.813,7.62944,7.63095,1.50,1.50
2012.03.23 13:57:39.957,7.62944,7.63103,1.50,2.25
2012.03.23 13:57:40.490,7.62967,7.63143,2.25,2.25
2012.03.23 13:57:42.860,7.63048,7.63202,2.25,1.58
2012.03.23 13:57:44.602,7.63011,7.63183,1.50,3.08
2012.03.23 13:57:44.682,7.62978,7.6315,1.58,1.50
2012.03.23 13:57:46.758,7.62997,7.6315,1.20,1.50
2012.03.23 13:57:47.023,7.62997,7.63159,1.20,2.33
2012.03.23 13:57:54.145,7.62977,7.63159,3.08,2.33
2012.03.23 13:57:54.674,7.62977,7.6313,3.08,1.50
2012.03.23 13:57:59.205,7.62977,7.6313,3.08,1.50
2012.03.23 13:57:59.785,7.62988,7.63142,3.08,2.25
2012.03.23 13:58:01.645,7.62988,7.63142,3.08,3.08
2012.03.23 13:58:02.524,7.62988,7.63093,3.08,1.50
2012.03.23 13:58:07.165,7.62988,7.63101,3.08,1.50
2012.03.23 13:58:12.895,7.62988,7.63114,4.58,1.50
2012.03.23 13:58:14.791,7.62988,7.63103,3.08,1.50
2012.03.23 13:58:54.592,7.62988,7.63112,4.58,1.50
2012.03.23 13:58:57.476,7.62988,7.63112,4.58,1.50
2012.03.23 13:59:02.996,7.62988,7.63112,2.33,2.33
2012.03.23 13:59:03.425,7.63005,7.63131,2.33,1.50
2012.03.23 13:59:06.788,7.63005,7.63131,1.50,2.33
2012.03.23 13:59:06.866,7.62987,7.63099,1.58,1.50
2012.03.23 13:59:08.047,7.63037,7.63099,2.25,1.50
2012.03.23 13:59:08.131,7.63037,7.63148,2.25,2.25
2012.03.23 13:59:08.209,7.63037,7.63159,2.25,1.50
2012.03.23 13:59:08.291,7.63041,7.63159,1.50,1.50
2012.03.23 13:59:08.793,7.63064,7.6319,1.50,2.33
2012.03.23 13:59:10.093,7.63005,7.63131,2.25,1.50
2012.03.23 13:59:10.299,7.63005,7.63131,1.50,1.50
2012.03.23 13:59:26.494,7.63014,7.6314,1.50,1.50
2012.03.23 13:59:28.890,7.63014,7.6314,1.50,2.33
2012.03.23 13:59:29.025,7.62993,7.63119,1.95,2.33
2012.03.23 13:59:29.236,7.62976,7.631,2.33,1.50
2012.03.23 13:59:36.601,7.62985,7.63109,2.33,2.33
2012.03.23 13:59:36.752,7.62985,7.63109,2.33,1.50
2012.03.23 13:59:36.943,7.63007,7.63133,2.33,1.50
2012.03.23 13:59:38.004,7.63018,7.63142,2.33,2.33
2012.03.23 13:59:45.283,7.63018,7.63142,1.50,1.50
2012.03.23 13:59:49.331,7.63008,7.63132,1.50,1.50
2012.03.23 13:59:50.222,7.63016,7.63142,1.50,1.50
2012.03.23 13:59:53.649,7.63007,7.63131,1.50,1.50
2012.03.23 13:59:53.993,7.63032,7.63131,1.50,1.50
2012.03.23 13:59:54.063,7.63055,7.63181,1.50,1.50
2012.03.23 13:59:55.589,7.63055,7.63181,2.25,1.50
2012.03.23 13:59:56.315,7.63067,7.63191,2.25,1.50
2012.03.23 13:59:56.604,7.63095,7.63204,1.50,1.50
2012.03.23 13:59:56.763,7.63095,7.63216,1.50,1.50
2012.03.23 13:59:56.838,7.63095,7.63219,1.50,1.50
