2010.03.09 20:00:24.693,8.0232,8.0258,1.60,1.60
2010.03.09 20:00:50.068,8.02385,8.0258,1.60,1.60
2010.03.09 20:00:50.198,8.02385,8.0263,1.60,1.60
2010.03.09 20:00:50.333,8.02385,8.0265,1.60,1.00
2010.03.09 20:00:50.463,8.02385,8.0279,1.60,1.00
2010.03.09 20:00:51.584,8.0245,8.0277,1.00,1.00
2010.03.09 20:00:52.573,8.0247,8.0277,1.00,1.00
2010.03.09 20:00:56.002,8.0247,8.02845,1.00,2.30
2010.03.09 20:00:56.941,8.0247,8.02775,1.00,1.60
2010.03.09 20:00:57.255,8.0246,8.02775,1.00,1.60
2010.03.09 20:01:02.337,8.0245,8.02845,1.00,2.30
2010.03.09 20:01:02.579,8.0246,8.02775,1.00,1.60
2010.03.09 20:01:09.009,8.0246,8.02785,1.00,1.60
2010.03.09 20:01:09.877,8.0246,8.02775,1.00,1.60
2010.03.09 20:01:12.033,8.0246,8.02785,1.00,1.60
2010.03.09 20:01:12.511,8.0246,8.0279,1.00,1.00
2010.03.09 20:01:12.757,8.0245,8.02845,1.00,1.60
2010.03.09 20:01:12.988,8.0246,8.02775,1.00,1.60
2010.03.09 20:01:13.338,8.0246,8.02785,1.00,1.60
2010.03.09 20:01:22.789,8.0246,8.0279,1.00,1.00
2010.03.09 20:01:22.990,8.0245,8.02845,1.00,1.60
2010.03.09 20:01:23.454,8.0246,8.02785,1.00,1.60
2010.03.09 20:01:33.545,8.0245,8.02785,1.00,1.60
2010.03.09 20:01:34.009,8.0246,8.0284,1.00,1.00
2010.03.09 20:01:34.325,8.0246,8.02785,1.00,1.60
2010.03.09 20:02:00.199,8.0246,8.0279,1.00,1.00
2010.03.09 20:02:00.394,8.0245,8.02845,1.00,1.60
2010.03.09 20:02:00.598,8.0246,8.02785,1.00,1.60
2010.03.09 20:02:05.731,8.0246,8.02845,1.00,1.60
2010.03.09 20:02:06.213,8.0246,8.02785,1.00,1.60
2010.03.09 20:02:10.786,8.0246,8.0279,1.00,1.00
2010.03.09 20:02:11.153,8.0245,8.02845,1.00,1.60
2010.03.09 20:02:11.297,8.0245,8.02785,1.00,1.60
2010.03.09 20:02:11.427,8.0246,8.02785,1.00,1.60
2010.03.09 20:02:31.864,8.0246,8.0279,1.00,1.00
2010.03.09 20:02:32.104,8.0245,8.02805,1.00,1.60
2010.03.09 20:02:32.469,8.0246,8.02785,1.00,1.60
2010.03.09 20:02:43.171,8.0246,8.02845,1.00,1.60
2010.03.09 20:02:43.488,8.0246,8.02785,1.00,1.60
2010.03.09 20:02:48.811,8.0245,8.02855,1.00,1.60
2010.03.09 20:02:49.209,8.0246,8.02785,1.00,1.60
2010.03.09 20:02:54.729,8.0245,8.02785,1.00,1.60
2010.03.09 20:02:55.087,8.0245,8.02845,1.00,1.60
2010.03.09 20:02:55.223,8.0246,8.02785,1.00,1.60
2010.03.09 20:03:02.178,8.0246,8.0279,1.00,1.00
2010.03.09 20:03:02.268,8.0245,8.02845,1.00,1.60
2010.03.09 20:03:02.786,8.0246,8.02785,1.00,1.60
2010.03.09 20:03:09.303,8.0245,8.02815,1.00,1.60
2010.03.09 20:03:26.673,8.0245,8.02805,1.00,1.60
2010.03.09 20:04:10.043,8.0231,8.02805,1.00,1.60
2010.03.09 20:04:28.427,8.0233,8.02795,1.00,1.60
2010.03.09 20:04:28.728,8.023,8.02795,1.00,1.60
2010.03.09 20:04:51.126,8.0231,8.02795,1.60,1.60
2010.03.09 20:04:51.273,8.0238,8.02805,1.00,1.60
2010.03.09 20:04:52.895,8.0241,8.02805,1.00,1.60
2010.03.09 20:04:53.722,8.0243,8.02805,1.00,1.60
2010.03.09 20:04:54.819,8.0244,8.02805,1.00,1.60
2010.03.09 20:05:05.567,8.0244,8.02815,1.00,1.60
2010.03.09 20:05:55.222,8.0238,8.02815,1.00,1.60
2010.03.09 20:10:18.423,8.02455,8.02865,1.60,1.60
2010.03.09 20:10:18.837,8.02535,8.02935,1.60,1.60
2010.03.09 20:10:20.613,8.0262,8.02935,1.00,1.60
2010.03.09 20:10:21.849,8.0264,8.02935,1.00,1.60
2010.03.09 20:10:22.532,8.0265,8.02935,1.00,1.60
2010.03.09 20:10:49.117,8.0265,8.02945,1.00,1.60
2010.03.09 20:11:19.715,8.0265,8.02935,1.00,1.60
2010.03.09 20:11:23.205,8.02555,8.02935,1.60,1.60
2010.03.09 20:11:50.873,8.02555,8.02945,1.60,1.60
2010.03.09 20:12:01.643,8.02725,8.0303,1.60,1.00
2010.03.09 20:12:01.990,8.02705,8.03075,1.60,1.60
2010.03.09 20:12:32.522,8.02735,8.03075,1.60,1.60
2010.03.09 20:14:13.058,8.02725,8.03075,1.60,1.60
2010.03.09 20:14:55.509,8.02735,8.03075,1.60,1.60
2010.03.09 20:15:01.287,8.02725,8.03075,1.60,1.60
2010.03.09 20:15:23.427,8.02735,8.03075,1.60,1.60
2010.03.09 20:16:42.885,8.02735,8.0306,1.60,1.00
2010.03.09 20:17:17.087,8.02725,8.0306,1.60,1.00
2010.03.09 20:17:43.288,8.02725,8.03075,1.60,1.60
2010.03.09 20:17:46.948,8.02735,8.03075,1.60,1.60
2010.03.09 20:18:15.463,8.02725,8.03075,1.60,1.60
2010.03.09 20:19:07.895,8.02735,8.03075,1.60,1.60
2010.03.09 20:19:10.209,8.02725,8.03075,1.60,1.60
2010.03.09 20:19:35.195,8.02715,8.03075,1.60,1.60
2010.03.09 20:31:10.425,8.02735,8.03075,1.60,1.60
2010.03.09 20:31:12.608,8.0275,8.03075,1.00,1.60
2010.03.09 20:32:12.993,8.02735,8.03075,1.60,1.60
2010.03.09 20:35:50.068,8.02725,8.03075,1.60,1.60
2010.03.09 20:35:51.637,8.02725,8.0307,1.60,1.00
2010.03.09 20:36:52.623,8.02725,8.03075,1.60,1.60
2010.03.09 20:37:11.696,8.02715,8.0307,1.60,1.00
2010.03.09 20:37:12.585,8.02715,8.0306,1.60,1.00
2010.03.09 20:37:30.248,8.02715,8.03075,1.60,2.30
2010.03.09 20:37:30.359,8.02745,8.03075,1.60,1.60
2010.03.09 20:37:32.663,8.0275,8.03075,1.00,1.60
2010.03.09 20:38:32.803,8.02745,8.03075,1.60,1.60
2010.03.09 20:39:10.837,8.0271,8.03005,1.00,1.60
2010.03.09 20:39:14.493,8.0271,8.03045,1.00,1.60
2010.03.09 20:39:15.626,8.0274,8.03045,1.00,1.60
2010.03.09 20:39:16.851,8.0275,8.03045,1.00,1.60
2010.03.09 20:40:06.449,8.0275,8.03075,1.00,1.60
2010.03.09 20:40:07.583,8.0281,8.03075,1.00,1.60
2010.03.09 20:40:08.576,8.0282,8.03075,1.00,1.60
2010.03.09 20:40:52.993,8.0279,8.03075,1.00,1.60
2010.03.09 20:40:53.345,8.0279,8.03065,1.00,1.60
2010.03.09 20:40:54.534,8.0279,8.03065,1.00,1.60
2010.03.09 20:40:54.758,8.0279,8.03065,1.00,1.60
2010.03.09 20:41:55.801,8.02665,8.03065,1.60,1.60
2010.03.09 20:42:13.413,8.0275,8.03035,1.00,1.60
2010.03.09 20:43:15.908,8.02655,8.03035,1.60,1.60
2010.03.09 20:43:18.630,8.02655,8.03025,1.60,1.60
2010.03.09 20:45:35.309,8.0274,8.0308,1.00,1.60
2010.03.09 20:45:36.725,8.028,8.0308,1.00,1.60
2010.03.09 20:45:37.576,8.0282,8.0308,1.00,1.60
2010.03.09 20:46:38.654,8.0273,8.0308,1.60,1.60
2010.03.09 20:50:41.660,8.0282,8.03085,1.00,1.60
2010.03.09 20:50:42.661,8.0283,8.03085,1.00,1.60
2010.03.09 20:50:44.903,8.0282,8.03085,1.00,1.60
2010.03.09 20:50:45.465,8.0282,8.0308,1.00,1.60
2010.03.09 20:51:47.519,8.0273,8.0308,1.60,1.60
2010.03.09 20:55:31.047,8.028,8.0308,1.00,1.60
2010.03.09 20:55:31.313,8.028,8.03075,1.00,3.20
2010.03.09 20:55:37.028,8.028,8.03075,1.00,1.60
2010.03.09 20:55:38.539,8.0282,8.03075,1.00,1.60
2010.03.09 20:55:41.390,8.028,8.0311,1.00,3.30
2010.03.09 20:55:50.226,8.028,8.03065,1.00,1.60
2010.03.09 20:56:43.165,8.02675,8.03065,3.20,1.60
2010.03.09 20:57:11.828,8.02705,8.03075,1.60,3.20
2010.03.09 20:58:01.155,8.02705,8.03075,1.60,1.60
2010.03.09 20:58:44.579,8.02695,8.03065,1.60,1.60
2010.03.09 20:59:35.154,8.02685,8.03055,1.60,1.60
2010.03.09 20:59:35.998,8.0267,8.03025,1.00,1.60
2010.03.09 20:59:36.096,8.0275,8.03025,1.00,1.60
2010.03.09 20:59:40.739,8.0275,8.03005,1.00,1.60
2010.03.09 20:59:45.204,8.0275,8.03015,1.00,1.60
2010.03.09 20:59:55.502,8.02625,8.03015,1.60,1.60
