2009.10.08 17:00:12.977,8.3493,8.3555,1.00,1.00
2009.10.08 17:00:41.720,8.3508,8.3561,2.30,1.00
2009.10.08 17:00:53.467,8.351,8.3555,1.60,1.00
2009.10.08 17:00:53.648,8.3493,8.3555,1.00,1.00
2009.10.08 17:00:57.576,8.3508,8.3561,2.30,1.00
2009.10.08 17:01:01.746,8.3498,8.3555,2.40,1.00
2009.10.08 17:01:02.036,8.34905,8.3544,1.60,1.00
2009.10.08 17:01:02.265,8.3483,8.3542,2.30,1.60
2009.10.08 17:01:02.486,8.3483,8.3542,2.30,2.30
2009.10.08 17:01:06.004,8.3485,8.3539,2.30,1.00
2009.10.08 17:01:06.474,8.3487,8.3539,2.40,1.00
2009.10.08 17:01:06.644,8.3495,8.3557,1.00,1.00
2009.10.08 17:01:10.163,8.3506,8.3563,1.00,1.00
2009.10.08 17:01:20.091,8.351,8.3561,2.30,1.00
2009.10.08 17:02:19.337,8.351,8.35575,1.00,2.00
2009.10.08 17:02:19.577,8.34905,8.35575,1.60,2.00
2009.10.08 17:02:22.066,8.34925,8.3557,1.60,1.00
2009.10.08 17:02:23.996,8.34925,8.3556,1.60,1.00
2009.10.08 17:02:38.893,8.34875,8.3542,2.80,1.60
2009.10.08 17:02:39.062,8.34875,8.3542,1.00,1.60
2009.10.08 17:02:39.232,8.3485,8.3542,2.30,1.60
2009.10.08 17:02:39.352,8.3485,8.3542,2.30,2.30
2009.10.08 17:02:43.091,8.3485,8.3537,2.30,1.00
2009.10.08 17:02:45.161,8.3485,8.3536,2.30,1.00
2009.10.08 17:03:21.882,8.3483,8.35105,1.60,2.40
2009.10.08 17:03:22.122,8.3411,8.3499,1.20,2.40
2009.10.08 17:03:25.911,8.34385,8.34975,2.40,2.40
2009.10.08 17:03:26.261,8.34385,8.3517,2.40,1.00
2009.10.08 17:03:26.611,8.3416,8.3499,3.10,2.40
2009.10.08 17:03:26.960,8.3373,8.34465,1.20,1.00
2009.10.08 17:03:27.300,8.3378,8.344,1.60,1.00
2009.10.08 17:03:30.619,8.3416,8.3469,2.40,2.40
2009.10.08 17:03:30.959,8.3416,8.3499,2.40,2.40
2009.10.08 17:03:33.430,8.34325,8.3495,1.00,2.40
2009.10.08 17:03:33.669,8.34355,8.35145,2.40,2.40
2009.10.08 17:03:49.815,8.34425,8.35125,1.60,2.40
2009.10.08 17:03:49.935,8.34505,8.35125,1.00,2.40
2009.10.08 17:03:50.095,8.34505,8.3518,1.00,1.00
2009.10.08 17:03:56.683,8.34525,8.35225,1.00,1.00
2009.10.08 17:03:56.913,8.34575,8.35275,1.00,1.00
2009.10.08 17:04:14.189,8.34655,8.35275,1.60,1.00
2009.10.08 17:04:14.309,8.34655,8.353,1.60,1.60
2009.10.08 17:04:14.599,8.34655,8.3531,1.60,2.40
2009.10.08 17:04:24.367,8.3461,8.3517,1.60,1.60
2009.10.08 17:04:24.427,8.3461,8.3517,1.60,2.30
2009.10.08 17:04:28.006,8.3461,8.3514,1.60,1.00
2009.10.08 17:04:31.235,8.3461,8.3511,1.60,1.00
2009.10.08 17:04:42.512,8.34525,8.35075,1.60,1.60
2009.10.08 17:04:45.462,8.34525,8.3507,1.60,1.00
2009.10.08 17:04:46.671,8.34525,8.3506,1.60,1.00
2009.10.08 17:04:54.760,8.346,8.3511,2.30,1.00
2009.10.08 17:05:09.296,8.34625,8.3513,1.60,2.40
2009.10.08 17:05:09.646,8.34625,8.3513,1.60,1.00
2009.10.08 17:06:41.464,8.34675,8.3513,1.60,1.00
2009.10.08 17:06:41.864,8.34675,8.3533,1.60,1.00
2009.10.08 17:07:50.587,8.34695,8.3531,1.60,1.00
2009.10.08 17:07:53.886,8.3483,8.3534,2.30,1.60
2009.10.08 17:07:54.236,8.3483,8.3536,2.30,1.00
2009.10.08 17:08:02.085,8.34875,8.3538,1.60,1.00
2009.10.08 17:08:25.818,8.34925,8.3558,1.60,1.00
2009.10.08 17:08:36.946,8.349,8.3542,1.60,1.60
2009.10.08 17:08:37.336,8.3487,8.3542,1.60,2.30
2009.10.08 17:08:38.516,8.34875,8.354,1.00,2.30
2009.10.08 17:08:38.796,8.34925,8.3558,1.60,1.00
2009.10.08 17:08:42.225,8.349,8.3542,1.60,3.20
2009.10.08 17:08:42.464,8.3486,8.3542,1.60,3.20
2009.10.08 17:08:45.494,8.3486,8.3539,1.60,1.00
2009.10.08 17:08:46.943,8.3486,8.3537,1.60,1.00
2009.10.08 17:08:47.273,8.34925,8.3537,1.60,1.00
2009.10.08 17:08:47.623,8.34925,8.3558,1.60,1.00
2009.10.08 17:09:29.473,8.3489,8.3539,1.60,1.60
2009.10.08 17:09:29.753,8.3485,8.3534,1.00,1.00
2009.10.08 17:09:57.366,8.34975,8.3556,1.60,2.40
2009.10.08 17:09:57.656,8.34975,8.3556,1.60,1.00
2009.10.08 17:10:20.061,8.3508,8.3556,1.60,1.00
2009.10.08 17:10:20.231,8.3508,8.3557,1.60,1.60
2009.10.08 17:10:20.411,8.3508,8.3561,2.30,1.00
2009.10.08 17:10:24.880,8.351,8.35575,1.00,1.60
2009.10.08 17:10:25.000,8.34955,8.35575,4.00,1.60
2009.10.08 17:10:25.120,8.34955,8.35575,1.60,1.60
2009.10.08 17:10:27.189,8.34975,8.3557,1.60,1.00
2009.10.08 17:10:29.279,8.34975,8.3556,1.60,1.00
2009.10.08 17:11:01.421,8.35025,8.3556,1.60,1.00
2009.10.08 17:11:03.771,8.34975,8.3555,1.60,1.60
2009.10.08 17:11:14.738,8.35015,8.3555,1.60,1.60
2009.10.08 17:11:15.038,8.35015,8.3556,1.60,2.40
2009.10.08 17:11:25.815,8.3494,8.3538,1.00,1.00
2009.10.08 17:11:38.662,8.35,8.3535,1.00,1.00
2009.10.08 17:11:57.898,8.35,8.3547,1.00,1.00
2009.10.08 17:12:07.865,8.35105,8.3545,1.60,1.00
2009.10.08 17:12:08.145,8.3513,8.355,1.00,1.60
2009.10.08 17:12:08.375,8.3513,8.3562,1.00,1.60
2009.10.08 17:12:08.665,8.35,8.35485,1.60,2.40
2009.10.08 17:12:08.955,8.3493,8.35485,1.20,2.40
2009.10.08 17:12:09.235,8.34855,8.35485,1.20,2.40
2009.10.08 17:12:09.515,8.3486,8.35485,1.20,2.40
2009.10.08 17:12:09.845,8.3488,8.354,1.20,1.00
2009.10.08 17:12:10.924,8.3488,8.35465,1.20,2.40
2009.10.08 17:12:12.874,8.3488,8.354,1.20,1.00
2009.10.08 17:12:13.924,8.3488,8.35465,1.20,2.40
2009.10.08 17:12:15.013,8.3488,8.354,1.20,1.00
2009.10.08 17:12:16.183,8.3488,8.35465,1.20,2.40
2009.10.08 17:12:16.643,8.3488,8.3556,1.20,1.00
2009.10.08 17:12:16.863,8.3492,8.3556,1.60,1.00
2009.10.08 17:12:19.622,8.34925,8.3556,2.40,1.00
2009.10.08 17:12:19.792,8.3499,8.3556,1.60,1.00
2009.10.08 17:12:26.681,8.35025,8.3556,1.60,1.00
2009.10.08 17:12:32.800,8.3495,8.3547,1.00,1.00
2009.10.08 17:12:36.068,8.3495,8.3545,1.00,1.50
2009.10.08 17:12:37.078,8.3495,8.3544,1.00,1.00
2009.10.08 17:12:38.068,8.3495,8.3543,1.00,1.00
2009.10.08 17:13:08.780,8.3495,8.3544,1.00,1.00
2009.10.08 17:13:09.940,8.3495,8.354,1.00,1.60
2009.10.08 17:13:11.600,8.3488,8.354,1.60,3.20
2009.10.08 17:13:11.780,8.3485,8.354,2.30,3.20
2009.10.08 17:13:12.999,8.3485,8.3539,2.30,1.00
2009.10.08 17:13:14.159,8.3485,8.3537,2.30,1.00
2009.10.08 17:13:16.099,8.3485,8.3536,2.30,1.00
2009.10.08 17:13:24.587,8.3489,8.3536,1.60,1.00
2009.10.08 17:13:24.707,8.3493,8.354,1.00,2.40
2009.10.08 17:13:29.086,8.3493,8.354,1.00,4.00
2009.10.08 17:13:29.416,8.3485,8.354,2.30,4.00
2009.10.08 17:13:29.946,8.351,8.354,1.70,4.00
2009.10.08 17:13:30.815,8.3511,8.3538,1.00,1.00
2009.10.08 17:13:32.015,8.3515,8.35375,1.00,1.60
2009.10.08 17:13:33.884,8.3515,8.35365,1.00,1.60
2009.10.08 17:13:35.054,8.3481,8.3536,1.00,1.00
2009.10.08 17:13:36.914,8.3485,8.3535,1.00,1.00
2009.10.08 17:13:37.894,8.3485,8.3534,1.00,1.00
2009.10.08 17:14:07.876,8.3485,8.3532,1.00,1.00
2009.10.08 17:14:07.996,8.3485,8.351,1.00,4.80
2009.10.08 17:14:08.216,8.34385,8.35025,1.20,2.40
2009.10.08 17:14:28.011,8.3459,8.3501,2.40,2.40
2009.10.08 17:14:28.132,8.3466,8.3532,1.60,1.00
2009.10.08 17:15:07.343,8.3473,8.3531,1.60,1.00
2009.10.08 17:16:30.132,8.3473,8.35325,1.60,1.60
2009.10.08 17:16:36.801,8.3473,8.35325,1.60,2.00
2009.10.08 17:16:36.971,8.3473,8.35325,1.60,1.60
2009.10.08 17:16:37.890,8.3473,8.35325,1.60,2.00
2009.10.08 17:16:39.070,8.3473,8.35325,1.60,1.60
2009.10.08 17:16:45.619,8.3473,8.35325,1.60,2.00
2009.10.08 17:16:47.268,8.3473,8.35325,1.60,1.60
2009.10.08 17:21:46.456,8.34775,8.3532,1.60,1.00
2009.10.08 17:21:46.566,8.34775,8.35325,1.60,1.60
2009.10.08 17:21:46.806,8.3478,8.35325,1.60,1.60
2009.10.08 17:22:06.711,8.3478,8.3532,1.60,1.00
2009.10.08 17:22:06.881,8.3469,8.3532,1.60,1.00
2009.10.08 17:27:06.979,8.3469,8.35325,1.60,1.60
2009.10.08 17:34:12.507,8.3469,8.3539,1.60,1.60
2009.10.08 17:34:12.617,8.3483,8.354,1.60,1.60
2009.10.08 17:34:12.677,8.3483,8.354,2.30,4.80
2009.10.08 17:34:17.076,8.3486,8.354,1.00,4.80
2009.10.08 17:34:18.985,8.3487,8.354,1.00,4.80
2009.10.08 17:34:56.776,8.34875,8.354,1.60,3.20
2009.10.08 17:34:57.046,8.34875,8.35425,1.60,1.60
2009.10.08 17:34:57.846,8.3489,8.35425,1.00,1.60
2009.10.08 17:34:59.946,8.349,8.35425,1.00,1.60
2009.10.08 17:35:12.232,8.349,8.35425,1.60,1.60
2009.10.08 17:35:12.572,8.35335,8.3605,2.40,1.00
2009.10.08 17:35:54.192,8.3577,8.35975,1.00,2.40
2009.10.08 17:35:54.362,8.35835,8.3605,2.80,1.60
2009.10.08 17:35:54.602,8.35835,8.3647,2.80,1.60
2009.10.08 17:35:59.871,8.3589,8.3643,1.00,1.60
2009.10.08 17:36:00.861,8.359,8.3643,1.00,1.60
2009.10.08 17:36:01.851,8.3591,8.3643,1.00,1.60
2009.10.08 17:36:02.900,8.3592,8.3643,1.00,1.60
2009.10.08 17:36:04.180,8.35925,8.3643,1.60,1.60
2009.10.08 17:36:11.028,8.35875,8.3623,2.40,1.00
2009.10.08 17:36:11.208,8.3581,8.3619,1.00,4.80
2009.10.08 17:36:11.388,8.35335,8.36165,2.40,2.40
2009.10.08 17:36:19.527,8.3555,8.36125,1.00,2.40
2009.10.08 17:36:19.706,8.3556,8.36125,2.40,2.40
2009.10.08 17:36:19.886,8.35585,8.3633,2.40,1.00
2009.10.08 17:36:25.545,8.3559,8.36145,1.00,2.40
2009.10.08 17:36:25.725,8.3543,8.3612,1.60,1.00
2009.10.08 17:36:35.482,8.3545,8.36075,1.60,1.60
2009.10.08 17:39:37.109,8.35555,8.36285,2.40,1.00
2009.10.08 17:39:38.009,8.35555,8.36345,2.40,2.70
2009.10.08 17:39:48.896,8.35575,8.36265,2.40,1.00
2009.10.08 17:39:49.066,8.35575,8.36325,2.40,2.70
2009.10.08 17:40:01.433,8.35575,8.36265,2.40,1.00
2009.10.08 17:40:02.902,8.35575,8.36325,2.40,2.70
2009.10.08 17:40:09.731,8.35575,8.36265,2.40,1.00
2009.10.08 17:40:10.711,8.35575,8.36325,2.40,2.70
2009.10.08 17:40:11.690,8.35575,8.36265,2.40,1.00
2009.10.08 17:40:13.070,8.35575,8.36325,2.40,2.70
2009.10.08 17:40:24.537,8.35575,8.36265,2.40,1.00
2009.10.08 17:40:26.367,8.35575,8.36325,2.40,2.70
2009.10.08 17:40:29.796,8.35575,8.36265,2.40,1.00
2009.10.08 17:40:31.396,8.35575,8.36325,2.40,2.70
2009.10.08 17:40:33.175,8.35575,8.36265,2.40,1.00
2009.10.08 17:40:34.115,8.35575,8.36325,2.40,2.70
2009.10.08 17:40:37.034,8.355,8.36325,1.00,1.00
2009.10.08 17:40:42.993,8.3566,8.36325,1.00,1.00
2009.10.08 17:40:43.213,8.3566,8.364,1.00,1.00
2009.10.08 17:40:52.410,8.357,8.36365,1.00,1.00
2009.10.08 17:40:52.640,8.357,8.364,1.00,1.00
2009.10.08 17:40:55.940,8.357,8.36365,1.00,1.00
2009.10.08 17:40:57.210,8.357,8.364,1.00,1.00
2009.10.08 17:41:09.716,8.357,8.36365,1.00,1.00
2009.10.08 17:41:09.836,8.357,8.364,1.00,1.00
2009.10.08 17:41:16.405,8.357,8.36365,1.00,1.00
2009.10.08 17:41:17.265,8.357,8.364,1.00,1.00
2009.10.08 17:41:19.234,8.357,8.36365,1.00,1.00
2009.10.08 17:41:21.273,8.357,8.364,1.00,1.00
2009.10.08 17:41:33.861,8.357,8.36365,1.00,1.00
2009.10.08 17:41:33.971,8.357,8.364,1.00,1.00
2009.10.08 17:41:37.470,8.357,8.36365,1.00,1.00
2009.10.08 17:41:38.979,8.357,8.364,1.00,1.00
2009.10.08 17:41:40.479,8.357,8.36365,1.00,1.00
2009.10.08 17:41:42.269,8.357,8.364,1.00,1.00
2009.10.08 17:41:47.107,8.357,8.36365,1.00,1.00
2009.10.08 17:41:48.117,8.357,8.364,1.00,1.00
2009.10.08 17:41:54.266,8.357,8.36365,1.00,1.00
2009.10.08 17:41:56.145,8.357,8.364,1.00,1.00
2009.10.08 17:42:03.794,8.357,8.36365,1.00,1.00
2009.10.08 17:42:04.573,8.357,8.364,1.00,1.00
2009.10.08 17:42:07.682,8.357,8.36365,1.00,1.00
2009.10.08 17:42:07.952,8.357,8.364,1.00,1.00
2009.10.08 17:42:14.961,8.357,8.36365,1.00,1.00
2009.10.08 17:42:16.170,8.357,8.364,1.00,1.00
2009.10.08 17:42:20.349,8.357,8.364,1.00,1.00
2009.10.08 17:42:22.989,8.357,8.36365,1.00,1.00
2009.10.08 17:42:24.088,8.357,8.364,1.00,1.00
2009.10.08 17:42:30.297,8.357,8.36365,1.00,1.00
2009.10.08 17:42:32.296,8.357,8.364,1.00,1.00
2009.10.08 17:42:33.576,8.357,8.36365,1.00,1.00
2009.10.08 17:42:35.156,8.357,8.364,1.00,1.00
2009.10.08 17:42:37.935,8.357,8.36365,1.00,1.00
2009.10.08 17:42:38.435,8.357,8.364,1.00,1.00
2009.10.08 17:42:44.333,8.357,8.36365,1.00,1.00
2009.10.08 17:42:46.353,8.357,8.364,1.00,1.00
2009.10.08 17:42:47.783,8.357,8.36365,1.00,1.00
2009.10.08 17:42:49.402,8.357,8.364,1.00,1.00
2009.10.08 17:42:51.663,8.357,8.36365,1.00,1.00
2009.10.08 17:42:53.262,8.357,8.364,1.00,1.00
2009.10.08 17:42:57.640,8.357,8.36365,1.00,1.00
2009.10.08 17:42:58.510,8.357,8.364,1.00,1.00
2009.10.08 17:43:01.589,8.357,8.36365,1.00,1.00
2009.10.08 17:43:02.279,8.357,8.364,1.00,1.00
2009.10.08 17:43:04.259,8.357,8.36365,1.00,1.00
2009.10.08 17:43:05.169,8.357,8.364,1.00,1.00
2009.10.08 17:43:08.588,8.357,8.36365,1.00,1.00
2009.10.08 17:43:10.527,8.357,8.364,1.00,1.00
2009.10.08 17:43:12.707,8.357,8.36365,1.00,1.00
2009.10.08 17:43:14.266,8.357,8.364,1.00,1.00
2009.10.08 17:43:19.895,8.357,8.36365,1.00,1.00
2009.10.08 17:43:22.724,8.357,8.36365,1.00,1.00
2009.10.08 17:43:23.514,8.357,8.364,1.00,1.00
2009.10.08 17:43:30.883,8.357,8.36365,1.00,1.00
2009.10.08 17:43:32.662,8.357,8.364,1.00,1.00
2009.10.08 17:43:34.601,8.357,8.36365,1.00,1.00
2009.10.08 17:43:36.001,8.357,8.364,1.00,1.00
2009.10.08 17:43:37.551,8.357,8.36365,1.00,1.00
2009.10.08 17:43:38.471,8.357,8.364,1.00,1.00
2009.10.08 17:43:40.240,8.357,8.36365,1.00,1.00
2009.10.08 17:43:41.290,8.357,8.364,1.00,1.00
2009.10.08 17:43:52.389,8.357,8.36365,1.00,1.00
2009.10.08 17:43:53.287,8.357,8.364,1.00,1.00
2009.10.08 17:43:55.486,8.357,8.36365,1.00,1.00
2009.10.08 17:43:57.176,8.357,8.364,1.00,1.00
2009.10.08 17:44:10.335,8.357,8.36365,1.00,1.00
2009.10.08 17:44:11.063,8.35725,8.36365,1.60,1.00
2009.10.08 17:44:11.343,8.35725,8.364,1.60,1.00
2009.10.08 17:44:14.492,8.35725,8.36365,1.60,1.00
2009.10.08 17:44:15.062,8.35725,8.364,1.60,1.00
2009.10.08 17:44:20.990,8.35725,8.36365,1.60,1.00
2009.10.08 17:44:21.220,8.35725,8.364,1.60,1.00
2009.10.08 17:44:22.570,8.35725,8.36365,1.60,1.00
2009.10.08 17:44:23.450,8.35725,8.364,1.60,1.00
2009.10.08 17:44:26.499,8.35725,8.36365,1.60,1.00
2009.10.08 17:44:27.529,8.35725,8.364,1.60,1.00
2009.10.08 17:44:29.678,8.35725,8.36365,1.60,1.00
2009.10.08 17:44:30.478,8.35725,8.364,1.60,1.00
2009.10.08 17:44:37.466,8.35725,8.36365,1.60,1.00
2009.10.08 17:44:37.866,8.35725,8.364,1.60,1.00
2009.10.08 17:44:40.566,8.35725,8.36365,1.60,1.00
2009.10.08 17:44:41.375,8.35725,8.364,1.60,1.00
2009.10.08 17:44:42.745,8.35725,8.36365,1.60,1.00
2009.10.08 17:44:44.615,8.35725,8.364,1.60,1.00
2009.10.08 17:44:45.604,8.35725,8.36365,1.60,1.00
2009.10.08 17:44:45.944,8.35725,8.364,1.60,1.00
2009.10.08 17:44:49.534,8.35725,8.36365,1.60,1.00
2009.10.08 17:44:50.733,8.35725,8.364,1.60,1.00
2009.10.08 17:45:01.321,8.35725,8.3635,1.60,1.00
2009.10.08 17:45:16.967,8.35725,8.364,1.60,1.10
2009.10.08 17:45:22.476,8.35675,8.3619,1.60,1.00
2009.10.08 17:45:27.594,8.35625,8.3606,1.60,1.60
2009.10.08 17:45:29.534,8.35625,8.3609,1.60,1.60
2009.10.08 17:45:30.044,8.35705,8.3615,1.60,2.40
2009.10.08 17:45:30.214,8.35655,8.36275,2.40,1.00
2009.10.08 17:45:30.384,8.3563,8.36275,2.40,1.00
2009.10.08 17:45:30.553,8.35605,8.36335,4.00,1.00
2009.10.08 17:45:32.003,8.35575,8.36325,2.40,2.40
2009.10.08 17:45:32.923,8.35575,8.36255,2.40,1.00
2009.10.08 17:45:33.513,8.35575,8.3609,2.40,1.00
2009.10.08 17:45:33.743,8.35525,8.3609,1.60,1.00
2009.10.08 17:45:37.642,8.3555,8.3607,1.60,1.60
2009.10.08 17:45:37.992,8.3555,8.3609,1.60,1.00
2009.10.08 17:45:38.742,8.3555,8.361,1.60,1.00
2009.10.08 17:45:38.922,8.3555,8.3606,1.60,2.40
2009.10.08 17:45:39.132,8.35555,8.36035,1.00,2.40
2009.10.08 17:45:39.371,8.35655,8.3604,1.60,2.40
2009.10.08 17:45:42.231,8.35675,8.361,1.60,1.00
2009.10.08 17:45:42.591,8.35725,8.36305,1.60,1.00
2009.10.08 17:45:42.881,8.35725,8.36415,1.60,1.00
2009.10.08 17:45:46.720,8.35735,8.364,1.60,1.00
2009.10.08 17:45:47.069,8.3559,8.36325,1.60,2.40
2009.10.08 17:45:47.349,8.35555,8.36325,1.20,2.40
2009.10.08 17:45:54.778,8.35595,8.36255,1.20,1.00
2009.10.08 17:45:56.987,8.35595,8.36325,1.20,2.40
2009.10.08 17:46:06.045,8.355,8.36,1.60,2.30
2009.10.08 17:46:06.595,8.355,8.36,1.60,1.00
2009.10.08 17:46:06.815,8.355,8.36,3.20,2.40
2009.10.08 17:46:08.654,8.35575,8.36,1.60,2.40
2009.10.08 17:46:09.304,8.3554,8.36025,2.80,1.00
2009.10.08 17:46:09.364,8.35655,8.36205,1.60,1.00
2009.10.08 17:46:09.654,8.35655,8.36275,1.60,1.00
2009.10.08 17:46:10.594,8.35675,8.3642,1.60,3.20
2009.10.08 17:46:14.503,8.35675,8.3642,1.60,3.20
2009.10.08 17:46:19.282,8.35675,8.3616,1.60,1.00
2009.10.08 17:46:19.402,8.35625,8.3616,1.60,1.00
2009.10.08 17:46:19.522,8.35625,8.3614,1.60,1.00
2009.10.08 17:46:19.582,8.35625,8.3614,1.60,1.10
2009.10.08 17:46:20.571,8.35625,8.361,1.60,1.00
2009.10.08 17:46:21.831,8.3555,8.361,1.00,1.00
2009.10.08 17:46:22.001,8.35525,8.3605,1.60,1.00
2009.10.08 17:46:24.750,8.35575,8.361,2.40,1.00
2009.10.08 17:46:25.090,8.35575,8.36225,2.40,1.00
2009.10.08 17:46:26.810,8.35575,8.3612,2.40,2.40
2009.10.08 17:46:26.990,8.35525,8.3603,1.60,1.60
2009.10.08 17:46:27.160,8.35555,8.3603,1.00,1.60
2009.10.08 17:46:28.589,8.35525,8.3601,1.60,1.60
2009.10.08 17:46:33.399,8.355,8.3598,1.60,1.60
2009.10.08 17:46:46.865,8.35535,8.36345,2.40,2.40
2009.10.08 17:46:52.234,8.35705,8.3635,1.60,2.40
2009.10.08 17:46:52.464,8.35705,8.364,1.60,1.10
2009.10.08 17:47:06.600,8.35725,8.36275,1.60,1.00
2009.10.08 17:47:07.750,8.35725,8.3642,1.60,1.10
2009.10.08 17:47:09.170,8.35725,8.36275,1.60,1.00
2009.10.08 17:47:10.440,8.35725,8.3642,1.60,1.10
2009.10.08 17:47:12.999,8.35725,8.36275,1.60,1.00
2009.10.08 17:47:13.779,8.35725,8.3642,1.60,1.10
2009.10.08 17:47:15.908,8.35725,8.36275,1.60,1.00
2009.10.08 17:47:16.768,8.35725,8.3642,1.60,1.10
2009.10.08 17:47:22.517,8.357,8.364,1.00,1.10
2009.10.08 17:47:22.687,8.3565,8.36325,2.40,2.40
2009.10.08 17:47:22.976,8.35575,8.36325,2.40,2.40
2009.10.08 17:47:35.753,8.35525,8.36175,1.60,1.60
2009.10.08 17:47:35.873,8.35525,8.3612,1.60,1.60
2009.10.08 17:47:35.983,8.35525,8.3607,1.60,1.00
2009.10.08 17:47:36.093,8.35555,8.3607,1.00,1.00
2009.10.08 17:47:36.333,8.35525,8.3607,1.60,1.00
2009.10.08 17:47:38.003,8.35555,8.3607,1.00,1.00
2009.10.08 17:47:38.343,8.35525,8.3607,1.60,1.00
2009.10.08 17:47:46.081,8.35555,8.3607,1.00,1.00
2009.10.08 17:47:46.261,8.35525,8.3607,1.60,1.00
2009.10.08 17:48:53.985,8.3555,8.3615,2.40,1.00
2009.10.08 17:48:54.145,8.35575,8.3607,2.40,1.00
2009.10.08 17:48:54.425,8.35525,8.3607,1.60,1.00
2009.10.08 17:49:03.622,8.35685,8.3611,1.60,1.60
2009.10.08 17:49:03.792,8.35685,8.36275,1.60,1.00
2009.10.08 17:49:04.802,8.35725,8.3642,1.60,1.00
2009.10.08 17:49:18.848,8.357,8.364,1.00,1.00
2009.10.08 17:49:19.249,8.35555,8.36325,2.40,2.40
2009.10.08 17:49:21.898,8.35575,8.36255,2.40,1.00
2009.10.08 17:49:24.347,8.35575,8.36325,2.40,2.40
2009.10.08 17:49:34.875,8.35575,8.36255,2.40,1.00
2009.10.08 17:49:35.215,8.35575,8.36325,2.40,2.40
2009.10.08 17:49:37.344,8.35575,8.36255,2.40,1.00
2009.10.08 17:49:38.914,8.35575,8.36325,2.40,2.40
2009.10.08 17:49:40.004,8.35575,8.36255,2.40,1.00
2009.10.08 17:49:42.403,8.35575,8.36325,2.40,2.40
2009.10.08 17:49:53.370,8.35575,8.36255,2.40,1.00
2009.10.08 17:49:54.190,8.35575,8.36325,2.40,2.40
2009.10.08 17:50:14.085,8.35575,8.36255,2.40,1.00
2009.10.08 17:50:15.175,8.35575,8.36325,2.40,2.40
2009.10.08 17:50:19.024,8.35555,8.364,1.20,1.00
2009.10.08 17:50:47.347,8.35555,8.36275,1.60,1.00
2009.10.08 17:50:48.487,8.35555,8.3642,1.20,1.00
2009.10.08 17:50:49.937,8.35555,8.36275,1.60,1.00
2009.10.08 17:50:50.557,8.35555,8.3642,1.20,1.00
2009.10.08 17:50:58.815,8.35555,8.36275,1.60,1.00
2009.10.08 17:51:00.034,8.35555,8.3642,1.20,1.00
2009.10.08 17:51:09.482,8.35555,8.36275,1.60,1.00
2009.10.08 17:51:11.162,8.35555,8.3642,1.20,1.00
2009.10.08 17:51:13.351,8.35555,8.36275,1.60,1.00
2009.10.08 17:51:14.201,8.35555,8.3642,1.20,1.00
2009.10.08 17:51:15.591,8.35555,8.36275,1.60,1.00
2009.10.08 17:51:15.931,8.35555,8.3642,1.20,1.00
2009.10.08 17:51:18.750,8.35555,8.36275,1.60,1.00
2009.10.08 17:51:19.100,8.35555,8.3642,1.20,1.00
2009.10.08 17:51:32.916,8.35555,8.36275,1.60,1.00
2009.10.08 17:51:34.276,8.35555,8.3642,1.20,1.00
2009.10.08 17:51:55.461,8.35555,8.36275,1.60,1.00
2009.10.08 17:51:56.271,8.35555,8.3642,1.20,1.00
2009.10.08 17:52:04.259,8.35555,8.36275,1.60,1.00
2009.10.08 17:52:04.429,8.35555,8.3642,1.20,1.00
2009.10.08 17:52:06.428,8.35555,8.36275,1.60,1.00
2009.10.08 17:52:07.428,8.35555,8.3642,1.20,1.00
2009.10.08 17:52:33.482,8.35555,8.36275,1.60,1.00
2009.10.08 17:52:33.712,8.35555,8.3642,1.20,1.00
2009.10.08 17:52:34.731,8.35555,8.36275,1.60,1.00
2009.10.08 17:52:35.392,8.35555,8.3642,1.20,1.00
2009.10.08 17:52:37.111,8.35555,8.36275,1.60,1.00
2009.10.08 17:52:38.261,8.35555,8.3642,1.20,1.00
2009.10.08 17:52:40.600,8.35555,8.36275,1.60,1.00
2009.10.08 17:52:41.520,8.35555,8.3642,1.20,1.00
2009.10.08 17:52:42.610,8.35555,8.36275,1.60,1.00
2009.10.08 17:52:44.689,8.35555,8.3642,1.20,1.00
2009.10.08 17:52:46.479,8.35555,8.36275,1.60,1.00
2009.10.08 17:52:47.638,8.35555,8.3642,1.20,1.00
2009.10.08 17:53:01.685,8.35555,8.36275,1.60,1.00
2009.10.08 17:53:01.915,8.35555,8.3642,1.20,1.00
2009.10.08 17:53:18.091,8.35555,8.36275,1.60,1.00
2009.10.08 17:53:19.051,8.35555,8.3642,1.20,1.00
2009.10.08 17:53:21.930,8.35555,8.36275,1.60,1.00
2009.10.08 17:53:22.610,8.35555,8.3642,1.20,1.00
2009.10.08 17:53:39.636,8.35555,8.36275,1.60,1.00
2009.10.08 17:53:40.386,8.35555,8.3642,1.20,1.00
2009.10.08 17:53:55.462,8.35555,8.36275,1.60,1.00
2009.10.08 17:53:57.502,8.35555,8.3642,1.20,1.00
2009.10.08 17:54:38.862,8.35555,8.36275,1.60,1.00
2009.10.08 17:54:39.762,8.35555,8.3642,1.20,1.00
2009.10.08 17:54:46.980,8.35555,8.36275,1.60,1.00
2009.10.08 17:54:47.280,8.35555,8.3642,1.20,1.00
2009.10.08 17:55:19.822,8.35555,8.36275,1.60,1.00
2009.10.08 17:55:30.349,8.35555,8.3619,1.20,2.40
2009.10.08 17:55:30.409,8.35525,8.3619,1.60,2.40
2009.10.08 17:55:30.459,8.35525,8.3611,1.60,1.00
2009.10.08 17:55:36.728,8.35655,8.36115,1.60,1.00
2009.10.08 17:55:58.942,8.35675,8.36075,1.60,1.00
2009.10.08 17:55:59.632,8.35675,8.36115,1.60,1.00
2009.10.08 17:56:14.628,8.35675,8.3608,1.60,1.00
2009.10.08 17:56:16.158,8.35675,8.36115,1.60,1.00
2009.10.08 17:56:40.082,8.35675,8.36075,1.60,1.00
2009.10.08 17:56:40.822,8.35675,8.36115,1.60,1.00
2009.10.08 17:56:46.831,8.35625,8.36115,1.60,1.00
2009.10.08 17:56:47.001,8.35625,8.3605,1.60,1.00
2009.10.08 17:56:49.070,8.3555,8.3605,2.40,1.00
2009.10.08 17:56:49.230,8.3555,8.3605,1.00,1.00
2009.10.08 17:56:49.400,8.35525,8.3601,1.60,1.60
2009.10.08 17:56:56.738,8.35605,8.3602,1.60,1.00
2009.10.08 17:56:57.018,8.35605,8.3604,1.60,1.60
2009.10.08 17:57:15.654,8.35505,8.3601,1.60,1.60
2009.10.08 17:57:15.944,8.3561,8.361,1.00,2.40
2009.10.08 17:57:16.234,8.3561,8.36185,1.00,1.30
2009.10.08 17:57:16.973,8.35575,8.36185,2.40,1.30
2009.10.08 17:57:17.334,8.35575,8.3613,2.40,2.40
2009.10.08 17:57:17.503,8.35525,8.3602,1.60,1.60
2009.10.08 17:57:31.660,8.3568,8.3605,1.60,2.30
2009.10.08 17:57:31.770,8.3568,8.36,2.30,1.60
2009.10.08 17:57:31.940,8.3568,8.3605,2.30,1.10
2009.10.08 17:57:32.820,8.3569,8.3605,4.80,1.00
2009.10.08 17:57:36.179,8.357,8.3603,1.00,1.00
2009.10.08 17:57:36.299,8.35505,8.3603,1.60,1.00
2009.10.08 17:58:43.983,8.355,8.3605,2.40,2.40
2009.10.08 17:58:44.163,8.35655,8.3605,1.60,2.80
2009.10.08 17:58:45.262,8.35675,8.3605,1.60,2.40
2009.10.08 17:58:51.051,8.35675,8.3605,1.60,2.80
2009.10.08 17:58:52.331,8.35675,8.3605,1.60,2.40
2009.10.08 17:58:58.449,8.35675,8.3605,1.60,2.80
2009.10.08 17:58:59.149,8.35675,8.3605,1.60,2.40
2009.10.08 17:59:13.386,8.35505,8.3603,1.60,1.00
2009.10.08 17:59:13.685,8.35505,8.3603,1.60,2.40
2009.10.08 17:59:33.031,8.3561,8.3603,1.00,2.40
2009.10.08 17:59:33.511,8.35505,8.3603,1.60,2.40
