2010.04.30 11:00:02.186,7.84505,7.8474,1.00,1.00
2010.04.30 11:00:02.531,7.8447,7.8474,1.00,1.00
2010.04.30 11:00:10.623,7.8447,7.84765,1.00,2.40
2010.04.30 11:00:10.972,7.84505,7.8477,1.00,1.00
2010.04.30 11:00:11.807,7.84505,7.8478,1.00,1.00
2010.04.30 11:00:18.311,7.84505,7.8477,1.00,1.00
2010.04.30 11:00:20.239,7.84505,7.8475,1.00,1.00
2010.04.30 11:00:20.270,7.84475,7.8475,2.40,1.00
2010.04.30 11:00:20.414,7.8446,7.8475,3.20,1.00
2010.04.30 11:00:21.616,7.8446,7.8474,3.20,1.00
2010.04.30 11:00:27.336,7.8446,7.8473,3.20,1.00
2010.04.30 11:00:28.345,7.84505,7.8478,1.00,1.00
2010.04.30 11:00:28.703,7.84505,7.8477,1.00,1.00
2010.04.30 11:00:48.253,7.84505,7.8476,1.00,1.00
2010.04.30 11:01:03.209,7.84525,7.84785,2.40,1.00
2010.04.30 11:01:03.494,7.84525,7.848,2.40,1.00
2010.04.30 11:01:18.262,7.84545,7.84825,1.60,2.40
2010.04.30 11:01:18.473,7.8457,7.8486,2.40,1.00
2010.04.30 11:01:18.683,7.84595,7.8487,2.40,1.00
2010.04.30 11:01:24.376,7.8458,7.8485,1.00,1.00
2010.04.30 11:01:24.558,7.84575,7.8485,3.20,1.00
2010.04.30 11:01:41.336,7.84555,7.8483,1.00,1.00
2010.04.30 11:01:41.492,7.8455,7.8482,3.20,1.00
2010.04.30 11:01:41.648,7.8454,7.8482,2.40,1.00
2010.04.30 11:01:49.664,7.8454,7.8481,2.40,1.00
2010.04.30 11:01:53.854,7.8462,7.8487,2.40,2.20
2010.04.30 11:01:53.954,7.8462,7.8487,2.40,1.00
2010.04.30 11:01:54.158,7.8465,7.8488,2.40,1.00
2010.04.30 11:01:54.352,7.8459,7.8488,1.00,1.00
2010.04.30 11:01:54.541,7.84585,7.8488,2.40,1.00
2010.04.30 11:01:58.601,7.8462,7.849,2.40,1.00
2010.04.30 11:01:58.681,7.8464,7.8492,2.40,1.00
2010.04.30 11:01:58.883,7.8465,7.8492,2.40,1.00
2010.04.30 11:01:58.930,7.8465,7.8493,2.40,1.00
2010.04.30 11:02:06.265,7.8465,7.8492,2.40,1.00
2010.04.30 11:02:09.900,7.8465,7.8491,2.40,1.00
2010.04.30 11:02:10.081,7.8464,7.849,1.00,1.00
2010.04.30 11:02:10.259,7.84635,7.849,2.40,1.00
2010.04.30 11:02:10.439,7.84625,7.849,2.40,1.00
2010.04.30 11:02:15.600,7.84625,7.849,3.20,1.00
2010.04.30 11:02:15.873,7.84635,7.8491,2.40,1.00
2010.04.30 11:02:19.097,7.84635,7.8489,2.40,1.00
2010.04.30 11:02:19.308,7.8462,7.84895,1.00,2.40
2010.04.30 11:02:19.518,7.846,7.84895,1.00,2.40
2010.04.30 11:02:22.481,7.84585,7.84885,2.40,2.40
2010.04.30 11:02:25.803,7.84585,7.8488,2.40,1.00
2010.04.30 11:02:26.406,7.8459,7.8488,1.00,1.00
2010.04.30 11:02:26.762,7.846,7.8488,2.40,1.00
2010.04.30 11:02:33.275,7.846,7.8487,2.40,1.00
2010.04.30 11:02:57.308,7.846,7.8486,2.40,1.00
2010.04.30 11:02:57.838,7.846,7.8486,2.40,1.00
2010.04.30 11:03:09.350,7.846,7.8486,2.40,1.00
2010.04.30 11:03:09.523,7.846,7.8486,2.40,1.00
2010.04.30 11:03:21.500,7.846,7.8485,2.40,1.00
2010.04.30 11:03:26.580,7.8459,7.8485,1.00,1.00
2010.04.30 11:03:52.118,7.8461,7.8489,2.40,1.00
2010.04.30 11:03:52.467,7.84615,7.8489,2.40,1.00
2010.04.30 11:04:11.309,7.84615,7.8488,2.40,1.00
2010.04.30 11:04:35.253,7.84615,7.8487,2.40,1.00
2010.04.30 11:04:53.196,7.846,7.8487,1.00,1.00
2010.04.30 11:04:57.957,7.846,7.8492,1.00,1.00
2010.04.30 11:04:58.299,7.8466,7.8494,2.40,1.00
2010.04.30 11:04:58.649,7.8466,7.8494,2.40,1.00
2010.04.30 11:05:05.427,7.8466,7.8493,2.40,1.00
2010.04.30 11:05:17.120,7.84685,7.8496,2.40,1.00
2010.04.30 11:05:17.348,7.84705,7.8496,1.00,1.00
2010.04.30 11:05:17.825,7.84705,7.84965,1.00,1.60
2010.04.30 11:05:18.043,7.84705,7.8498,1.00,1.00
2010.04.30 11:05:18.383,7.84705,7.8498,1.60,1.00
2010.04.30 11:05:26.047,7.84705,7.8497,1.60,1.00
2010.04.30 11:05:49.287,7.84705,7.8496,1.60,1.00
2010.04.30 11:05:53.748,7.84715,7.8498,1.00,1.00
2010.04.30 11:05:57.426,7.84755,7.84995,1.00,1.00
2010.04.30 11:06:16.202,7.84755,7.8499,1.00,1.00
2010.04.30 11:06:19.127,7.84775,7.8503,2.40,1.00
2010.04.30 11:06:19.475,7.84775,7.8505,2.40,1.00
2010.04.30 11:06:19.683,7.84775,7.8506,2.40,1.00
2010.04.30 11:06:20.081,7.8478,7.8506,2.40,1.00
2010.04.30 11:06:20.319,7.8478,7.8505,2.40,1.00
2010.04.30 11:06:20.900,7.84775,7.8505,2.40,1.00
2010.04.30 11:06:21.253,7.84775,7.8505,3.20,1.00
2010.04.30 11:06:23.129,7.8478,7.8506,3.20,1.00
2010.04.30 11:06:24.949,7.84755,7.8502,3.20,1.00
2010.04.30 11:06:25.301,7.84745,7.85015,2.40,1.60
2010.04.30 11:06:25.855,7.84745,7.8494,2.40,3.20
2010.04.30 11:06:26.202,7.84745,7.8502,3.20,1.00
2010.04.30 11:06:28.274,7.84745,7.8502,3.20,1.00
2010.04.30 11:06:28.618,7.84745,7.8502,3.20,1.00
2010.04.30 11:06:29.927,7.84745,7.8504,4.00,1.00
2010.04.30 11:06:30.054,7.84765,7.8504,2.40,1.00
2010.04.30 11:06:40.476,7.84765,7.8504,3.20,1.00
2010.04.30 11:06:49.342,7.84765,7.8503,3.20,1.00
2010.04.30 11:07:13.507,7.84765,7.8502,3.20,1.00
2010.04.30 11:07:30.139,7.84765,7.8502,1.00,1.00
2010.04.30 11:07:31.418,7.8476,7.8502,1.00,1.00
2010.04.30 11:08:25.342,7.8476,7.85075,1.00,1.00
2010.04.30 11:08:31.263,7.84755,7.85075,1.60,1.50
2010.04.30 11:08:42.541,7.84815,7.8509,1.00,2.50
2010.04.30 11:08:42.811,7.84815,7.8509,3.20,1.00
2010.04.30 11:09:02.518,7.84815,7.8508,3.20,1.00
2010.04.30 11:09:26.722,7.84815,7.8507,3.20,1.00
2010.04.30 11:09:31.905,7.8484,7.851,1.00,1.00
2010.04.30 11:09:32.073,7.8484,7.8509,1.00,1.00
2010.04.30 11:09:32.244,7.84815,7.8509,1.00,1.00
2010.04.30 11:09:32.411,7.84795,7.8509,2.40,1.00
2010.04.30 11:09:33.255,7.84795,7.8507,2.40,1.00
2010.04.30 11:09:36.827,7.84795,7.8507,4.00,1.00
2010.04.30 11:09:37.172,7.84815,7.8509,2.40,1.00
2010.04.30 11:09:47.547,7.84815,7.851,3.20,1.00
2010.04.30 11:09:47.788,7.8482,7.851,2.40,1.00
2010.04.30 11:09:55.301,7.8482,7.8509,2.40,1.00
2010.04.30 11:10:19.239,7.8482,7.8508,2.40,1.00
2010.04.30 11:10:21.696,7.8482,7.85035,2.40,1.60
2010.04.30 11:10:21.934,7.8482,7.8503,2.40,4.00
2010.04.30 11:10:22.161,7.8479,7.84995,2.40,4.00
2010.04.30 11:10:22.390,7.84755,7.84995,1.00,4.00
2010.04.30 11:10:25.799,7.84755,7.84975,1.00,1.60
2010.04.30 11:10:26.657,7.8463,7.84925,2.40,2.40
2010.04.30 11:10:27.004,7.8463,7.84925,1.00,2.40
2010.04.30 11:10:28.062,7.84625,7.84925,3.20,2.40
2010.04.30 11:10:28.411,7.8464,7.849,1.00,4.90
2010.04.30 11:10:28.759,7.8464,7.849,1.00,2.50
2010.04.30 11:10:30.699,7.84655,7.849,1.00,2.40
2010.04.30 11:10:30.908,7.8466,7.8494,2.40,2.50
2010.04.30 11:10:31.116,7.8466,7.8494,2.40,1.00
2010.04.30 11:10:35.311,7.84655,7.84925,1.60,2.40
2010.04.30 11:10:35.571,7.84655,7.84895,1.00,4.00
2010.04.30 11:10:54.492,7.84655,7.8489,1.00,1.00
2010.04.30 11:11:18.598,7.84655,7.8488,1.00,1.00
2010.04.30 11:11:36.481,7.8463,7.8488,1.60,1.00
2010.04.30 11:12:30.353,7.8463,7.8493,1.60,4.00
2010.04.30 11:12:36.104,7.84655,7.8493,1.00,4.00
2010.04.30 11:12:36.195,7.84655,7.8493,1.60,4.00
2010.04.30 11:12:36.289,7.84675,7.8494,1.60,1.00
2010.04.30 11:12:36.379,7.84675,7.8496,1.60,4.80
2010.04.30 11:12:36.722,7.8469,7.8497,4.80,1.00
2010.04.30 11:12:37.567,7.84685,7.8497,2.40,1.00
2010.04.30 11:12:38.271,7.84685,7.8496,2.40,1.00
2010.04.30 11:12:42.227,7.84685,7.8495,2.40,1.00
2010.04.30 11:12:42.417,7.84675,7.8495,2.40,1.00
2010.04.30 11:12:54.019,7.84675,7.8494,2.40,1.00
2010.04.30 11:12:54.296,7.8466,7.8494,2.40,1.00
2010.04.30 11:13:01.305,7.8466,7.8493,2.40,1.00
2010.04.30 11:13:15.713,7.84655,7.8493,4.00,1.00
2010.04.30 11:13:34.296,7.84655,7.8492,4.00,1.00
2010.04.30 11:13:58.354,7.84655,7.8491,4.00,1.00
2010.04.30 11:14:02.651,7.84655,7.8493,4.00,1.00
2010.04.30 11:14:15.894,7.84655,7.8493,1.60,1.00
2010.04.30 11:14:25.910,7.84655,7.8493,1.00,1.00
2010.04.30 11:14:30.689,7.84655,7.8493,1.60,1.00
2010.04.30 11:15:10.992,7.84655,7.84955,1.60,1.00
2010.04.30 11:15:28.108,7.84655,7.8493,1.00,1.00
2010.04.30 11:15:28.378,7.8463,7.8493,2.40,2.50
2010.04.30 11:15:35.320,7.8463,7.8492,2.40,1.00
2010.04.30 11:15:59.346,7.8463,7.8491,2.40,1.00
2010.04.30 11:16:23.386,7.8463,7.849,2.40,1.00
2010.04.30 11:16:28.298,7.84615,7.849,1.00,1.00
2010.04.30 11:17:09.261,7.84615,7.849,2.40,1.00
2010.04.30 11:17:09.495,7.84645,7.8493,1.00,1.00
2010.04.30 11:17:09.705,7.84635,7.8492,2.40,1.00
2010.04.30 11:17:09.914,7.84625,7.8492,2.40,1.00
2010.04.30 11:17:29.705,7.84625,7.8491,2.40,1.00
2010.04.30 11:17:30.049,7.84625,7.8491,2.40,1.00
2010.04.30 11:17:53.514,7.84625,7.849,2.40,1.00
2010.04.30 11:18:09.961,7.8462,7.849,1.00,1.00
2010.04.30 11:18:16.846,7.84645,7.84935,1.00,1.00
2010.04.30 11:18:17.188,7.8465,7.84945,2.40,1.00
2010.04.30 11:18:17.386,7.8466,7.84945,2.40,1.00
2010.04.30 11:18:17.577,7.8466,7.8496,2.40,2.50
2010.04.30 11:18:25.048,7.8466,7.8495,2.40,1.00
2010.04.30 11:18:29.943,7.84665,7.8496,3.20,1.00
2010.04.30 11:18:33.614,7.84685,7.84965,2.40,1.00
2010.04.30 11:18:33.842,7.84705,7.84965,1.00,1.00
2010.04.30 11:18:38.186,7.84705,7.84995,1.00,1.60
2010.04.30 11:18:38.533,7.84715,7.84995,1.00,1.60
2010.04.30 11:18:46.958,7.8473,7.85005,1.00,2.40
2010.04.30 11:18:47.225,7.84755,7.8505,2.40,1.00
2010.04.30 11:18:58.321,7.84795,7.8505,1.00,1.00
2010.04.30 11:18:58.431,7.84805,7.8505,1.00,1.00
2010.04.30 11:18:58.538,7.84805,7.8508,1.00,1.20
2010.04.30 11:18:58.647,7.84805,7.8508,1.00,1.00
2010.04.30 11:18:58.745,7.84805,7.85095,1.00,2.30
2010.04.30 11:19:06.304,7.84805,7.8509,1.00,1.00
2010.04.30 11:19:08.196,7.84855,7.85095,1.00,1.00
2010.04.30 11:19:13.487,7.84875,7.8517,2.40,1.00
2010.04.30 11:19:14.267,7.84875,7.8517,2.40,1.00
2010.04.30 11:19:14.525,7.84875,7.8517,2.40,1.00
2010.04.30 11:19:20.703,7.84875,7.85135,2.40,1.60
2010.04.30 11:19:21.053,7.8482,7.8512,2.40,2.40
2010.04.30 11:19:22.351,7.8482,7.8512,2.40,2.50
2010.04.30 11:19:24.083,7.84845,7.8514,2.40,1.00
2010.04.30 11:19:43.436,7.84845,7.8513,2.40,1.00
2010.04.30 11:20:07.359,7.84845,7.8512,2.40,1.00
2010.04.30 11:20:24.147,7.8483,7.8512,1.00,1.00
2010.04.30 11:20:33.604,7.84865,7.8518,1.00,1.00
2010.04.30 11:20:33.945,7.84885,7.8518,2.40,1.00
2010.04.30 11:20:36.622,7.84885,7.8517,2.40,1.00
2010.04.30 11:20:36.713,7.84885,7.8516,2.40,1.00
2010.04.30 11:20:37.053,7.8487,7.8516,2.40,1.00
2010.04.30 11:20:37.406,7.8487,7.8517,2.40,2.50
2010.04.30 11:20:40.948,7.8486,7.85125,1.00,2.40
2010.04.30 11:20:41.039,7.84855,7.85095,1.00,1.00
2010.04.30 11:20:46.261,7.8487,7.85165,2.40,1.00
2010.04.30 11:20:53.302,7.8487,7.8516,2.40,1.00
2010.04.30 11:20:59.283,7.8489,7.8516,1.00,1.00
2010.04.30 11:20:59.638,7.84905,7.85195,1.00,2.40
2010.04.30 11:21:00.948,7.84905,7.85155,1.00,1.60
2010.04.30 11:21:01.691,7.84855,7.85095,1.00,1.00
2010.04.30 11:23:35.414,7.84855,7.85055,1.00,2.40
2010.04.30 11:23:35.722,7.84795,7.85055,1.00,2.40
2010.04.30 11:23:36.031,7.84775,7.85055,1.00,2.40
2010.04.30 11:23:37.345,7.84775,7.8505,1.00,1.00
2010.04.30 11:23:55.498,7.84775,7.8504,1.00,1.00
2010.04.30 11:23:55.759,7.84775,7.85035,1.00,1.60
2010.04.30 11:23:56.024,7.8475,7.85015,1.00,1.60
2010.04.30 11:23:56.774,7.84685,7.84945,1.00,2.40
2010.04.30 11:24:13.288,7.84695,7.84945,1.00,2.40
2010.04.30 11:24:13.648,7.8471,7.8501,2.40,2.50
2010.04.30 11:24:20.250,7.8471,7.85,2.40,1.00
2010.04.30 11:24:20.931,7.8471,7.85,2.40,1.00
2010.04.30 11:24:32.294,7.8471,7.85,2.40,1.00
2010.04.30 11:24:32.425,7.8471,7.85,2.40,1.00
2010.04.30 11:24:41.203,7.8471,7.8498,2.40,1.00
2010.04.30 11:24:41.404,7.84705,7.8498,1.00,1.00
2010.04.30 11:24:41.604,7.84685,7.8498,2.40,1.00
2010.04.30 11:25:00.258,7.84685,7.8497,2.40,1.00
2010.04.30 11:25:01.978,7.84685,7.8498,2.40,1.00
2010.04.30 11:25:02.130,7.84685,7.8498,2.40,1.00
2010.04.30 11:25:02.280,7.84665,7.8496,1.00,2.40
2010.04.30 11:25:45.364,7.84665,7.8496,1.00,2.50
2010.04.30 11:25:57.236,7.84665,7.8496,1.00,2.40
2010.04.30 11:25:57.375,7.84665,7.8496,1.00,2.50
2010.04.30 11:26:02.353,7.84665,7.8496,1.00,1.00
2010.04.30 11:26:14.330,7.84665,7.849,1.00,1.00
2010.04.30 11:26:14.678,7.8461,7.84895,1.00,1.00
2010.04.30 11:26:21.312,7.8461,7.8489,1.00,1.00
2010.04.30 11:26:45.423,7.8461,7.8488,1.00,1.00
2010.04.30 11:27:04.480,7.8461,7.84895,1.00,1.00
2010.04.30 11:27:09.416,7.8461,7.8489,1.00,1.00
2010.04.30 11:27:15.111,7.8467,7.8497,2.40,3.10
2010.04.30 11:27:32.633,7.84695,7.8497,1.00,3.10
2010.04.30 11:27:32.976,7.8475,7.8505,2.40,3.10
2010.04.30 11:27:34.306,7.8475,7.8505,2.40,2.40
2010.04.30 11:27:34.487,7.84745,7.85045,2.40,3.10
2010.04.30 11:28:09.317,7.8475,7.85045,1.00,2.40
2010.04.30 11:28:09.679,7.8475,7.8505,2.40,2.40
2010.04.30 11:28:40.247,7.8475,7.8505,2.40,2.50
2010.04.30 11:28:52.159,7.8475,7.8505,2.40,2.40
2010.04.30 11:28:52.515,7.8472,7.85015,1.00,2.40
2010.04.30 11:28:56.166,7.8474,7.8504,2.40,3.00
2010.04.30 11:28:56.789,7.84745,7.85045,2.40,2.40
2010.04.30 11:28:57.146,7.84755,7.85055,2.40,4.00
2010.04.30 11:29:01.626,7.84745,7.8503,2.40,1.00
2010.04.30 11:29:18.721,7.84745,7.85,2.40,1.00
2010.04.30 11:29:19.072,7.84705,7.84995,1.60,1.00
2010.04.30 11:29:23.494,7.84705,7.84995,1.60,1.60
2010.04.30 11:30:14.252,7.84705,7.8499,1.60,1.00
2010.04.30 11:31:03.090,7.84675,7.84975,2.40,2.40
2010.04.30 11:31:21.110,7.84675,7.8497,2.40,1.00
2010.04.30 11:31:21.461,7.84675,7.84895,2.40,1.00
2010.04.30 11:31:22.178,7.84655,7.84895,4.80,1.00
2010.04.30 11:31:22.619,7.84695,7.84895,1.00,1.00
2010.04.30 11:31:23.465,7.84705,7.85015,1.60,1.60
2010.04.30 11:31:29.234,7.84705,7.84995,2.40,1.60
2010.04.30 11:31:35.550,7.84705,7.84995,1.60,1.60
2010.04.30 11:32:18.276,7.84705,7.8499,1.60,1.00
2010.04.30 11:32:18.453,7.84705,7.8499,1.60,1.00
2010.04.30 11:32:40.968,7.8472,7.84995,1.00,1.00
2010.04.30 11:32:41.306,7.84705,7.84995,3.20,1.60
2010.04.30 11:33:12.566,7.84755,7.84995,2.40,1.00
2010.04.30 11:33:32.306,7.84755,7.84995,2.40,1.60
2010.04.30 11:33:32.537,7.84705,7.84995,3.20,1.60
2010.04.30 11:33:36.486,7.8472,7.84995,1.00,1.00
2010.04.30 11:33:36.686,7.84725,7.84995,2.40,1.00
2010.04.30 11:33:37.307,7.84755,7.84995,2.40,1.00
2010.04.30 11:33:49.572,7.8475,7.85045,2.40,1.50
2010.04.30 11:33:53.609,7.84875,7.85105,1.00,1.00
2010.04.30 11:33:53.856,7.84885,7.85195,7.20,2.40
2010.04.30 11:33:54.103,7.84895,7.85195,1.00,2.40
2010.04.30 11:33:56.388,7.84905,7.85195,4.80,3.20
2010.04.30 11:34:05.666,7.84905,7.85195,4.80,4.80
2010.04.30 11:34:06.016,7.84895,7.8515,1.00,2.40
2010.04.30 11:34:06.361,7.84905,7.85195,4.80,3.20
2010.04.30 11:34:12.506,7.84905,7.85195,4.80,4.80
2010.04.30 11:34:12.762,7.84855,7.85145,1.00,1.00
2010.04.30 11:34:14.939,7.84855,7.8505,1.00,2.40
2010.04.30 11:34:15.119,7.8482,7.8505,2.40,2.40
2010.04.30 11:34:15.776,7.8479,7.85075,2.40,2.40
2010.04.30 11:34:16.121,7.8479,7.8509,2.40,2.40
2010.04.30 11:34:19.886,7.84815,7.8509,3.20,2.40
2010.04.30 11:34:20.236,7.8483,7.8513,2.40,3.10
2010.04.30 11:34:21.052,7.8484,7.8513,2.40,1.00
2010.04.30 11:34:21.894,7.8484,7.8514,2.40,3.10
2010.04.30 11:34:29.624,7.84815,7.85115,2.40,2.40
2010.04.30 11:34:30.997,7.84815,7.85105,2.40,1.60
2010.04.30 11:34:31.223,7.84815,7.85085,2.40,1.00
2010.04.30 11:34:31.453,7.8479,7.85085,2.40,1.00
2010.04.30 11:34:38.531,7.84875,7.85095,2.40,4.00
2010.04.30 11:34:44.129,7.8485,7.8509,2.40,2.40
2010.04.30 11:34:44.829,7.8479,7.8509,2.40,3.10
2010.04.30 11:35:06.952,7.8479,7.8508,2.40,1.00
2010.04.30 11:35:07.161,7.8479,7.8509,2.40,3.10
2010.04.30 11:35:07.375,7.8479,7.85075,2.40,1.60
2010.04.30 11:35:08.046,7.8475,7.8505,2.40,2.40
2010.04.30 11:35:08.201,7.84755,7.85055,2.40,3.10
2010.04.30 11:35:13.985,7.84755,7.85055,2.40,2.40
2010.04.30 11:35:14.206,7.84755,7.8505,2.40,1.00
2010.04.30 11:35:14.957,7.8476,7.8506,2.40,3.10
2010.04.30 11:35:45.510,7.8476,7.8506,2.40,3.20
2010.04.30 11:35:49.429,7.84785,7.85085,2.40,3.10
2010.04.30 11:36:26.907,7.84785,7.85085,2.40,4.70
2010.04.30 11:36:32.258,7.84785,7.8508,2.40,1.00
2010.04.30 11:36:44.563,7.8479,7.8508,1.00,1.00
2010.04.30 11:37:14.096,7.8479,7.85075,1.00,1.60
2010.04.30 11:37:14.273,7.8476,7.8506,2.40,2.50
2010.04.30 11:37:14.618,7.84745,7.85045,2.40,2.40
2010.04.30 11:37:18.884,7.84745,7.85045,3.20,2.40
2010.04.30 11:37:19.042,7.8475,7.85045,1.00,2.40
2010.04.30 11:37:19.384,7.8477,7.8507,2.40,2.40
2010.04.30 11:37:49.576,7.84795,7.8509,1.00,2.40
2010.04.30 11:38:08.482,7.84805,7.851,1.00,3.20
2010.04.30 11:38:39.294,7.84805,7.851,1.00,3.30
2010.04.30 11:38:40.220,7.84805,7.851,1.00,3.20
2010.04.30 11:38:40.575,7.8479,7.8509,2.40,2.40
2010.04.30 11:39:11.527,7.8479,7.8509,2.40,2.50
2010.04.30 11:39:23.295,7.8479,7.8509,2.50,2.50
2010.04.30 11:39:35.558,7.8479,7.8508,2.50,1.00
2010.04.30 11:39:41.492,7.8479,7.8508,1.00,1.00
2010.04.30 11:40:09.811,7.84785,7.8509,1.00,1.00
2010.04.30 11:40:10.124,7.8477,7.8507,2.40,3.10
2010.04.30 11:40:10.807,7.8477,7.8507,2.40,2.40
2010.04.30 11:40:20.202,7.8477,7.8503,2.40,1.00
2010.04.30 11:40:20.429,7.84755,7.84995,1.00,1.00
2010.04.30 11:40:28.599,7.8477,7.8506,2.40,2.40
2010.04.30 11:40:28.817,7.84775,7.85075,2.40,3.10
2010.04.30 11:40:29.246,7.8478,7.85075,2.40,1.00
2010.04.30 11:40:34.305,7.8487,7.85075,1.00,1.00
2010.04.30 11:40:34.467,7.8487,7.8512,1.60,2.40
2010.04.30 11:40:35.251,7.84815,7.85105,1.00,2.40
2010.04.30 11:40:37.200,7.8478,7.8508,2.40,3.10
2010.04.30 11:40:53.666,7.8478,7.85075,2.40,1.00
2010.04.30 11:41:02.913,7.84755,7.8505,3.20,1.00
2010.04.30 11:41:11.927,7.84755,7.85055,3.20,3.90
2010.04.30 11:41:46.274,7.84755,7.8505,3.20,1.00
2010.04.30 11:41:51.309,7.84755,7.85045,3.20,1.60
2010.04.30 11:41:51.619,7.84755,7.85025,2.40,1.00
2010.04.30 11:41:51.838,7.8473,7.85025,2.40,1.00
2010.04.30 11:41:52.410,7.8473,7.8503,2.40,3.10
2010.04.30 11:41:52.636,7.8473,7.85025,2.40,1.00
2010.04.30 11:42:35.513,7.84705,7.85,3.20,1.00
2010.04.30 11:42:35.816,7.84705,7.85,2.40,1.00
2010.04.30 11:42:38.155,7.84705,7.84995,2.40,1.00
2010.04.30 11:42:44.211,7.84705,7.84955,2.40,1.00
2010.04.30 11:42:44.355,7.84655,7.84945,1.00,1.60
2010.04.30 11:43:12.985,7.84655,7.8494,1.00,1.00
2010.04.30 11:43:13.162,7.84655,7.84925,1.00,2.40
2010.04.30 11:43:13.328,7.84655,7.84895,1.00,1.60
2010.04.30 11:43:19.087,7.84655,7.84895,1.00,3.20
2010.04.30 11:43:19.258,7.84575,7.84875,3.20,2.40
2010.04.30 11:43:20.168,7.8457,7.84865,1.00,2.40
2010.04.30 11:43:22.336,7.84565,7.84865,2.40,2.40
2010.04.30 11:43:30.794,7.84565,7.8486,2.40,1.00
2010.04.30 11:43:31.146,7.84555,7.84785,1.00,2.40
2010.04.30 11:43:31.969,7.8452,7.84785,1.00,2.40
2010.04.30 11:43:32.321,7.8448,7.84775,1.00,2.40
2010.04.30 11:43:51.040,7.846,7.84775,1.60,2.40
2010.04.30 11:43:51.361,7.84605,7.84895,3.20,1.00
2010.04.30 11:43:51.857,7.84635,7.84915,1.00,1.60
2010.04.30 11:43:54.975,7.84655,7.84885,1.00,1.00
2010.04.30 11:43:55.407,7.84575,7.84875,2.40,2.40
2010.04.30 11:44:01.827,7.8466,7.84875,2.40,2.40
2010.04.30 11:44:02.076,7.8465,7.84875,2.40,2.40
2010.04.30 11:44:02.427,7.84595,7.84885,1.00,2.40
2010.04.30 11:44:03.321,7.84625,7.84885,1.00,2.40
2010.04.30 11:44:03.500,7.84665,7.84895,1.60,1.00
2010.04.30 11:44:03.680,7.84705,7.84895,2.40,1.00
2010.04.30 11:44:03.848,7.8471,7.85015,2.40,1.00
2010.04.30 11:44:04.016,7.8471,7.85025,2.40,1.00
2010.04.30 11:44:14.553,7.8471,7.85,2.40,1.00
2010.04.30 11:44:14.914,7.84705,7.85,2.40,1.00
2010.04.30 11:44:20.693,7.84705,7.84975,2.40,1.60
2010.04.30 11:44:21.043,7.8468,7.84925,2.40,1.00
2010.04.30 11:44:21.731,7.8463,7.8491,3.20,2.40
2010.04.30 11:44:22.079,7.8461,7.8491,3.20,2.40
2010.04.30 11:44:26.390,7.8461,7.8491,3.40,2.40
2010.04.30 11:44:26.732,7.84735,7.8498,3.20,1.00
2010.04.30 11:44:27.080,7.84735,7.85045,3.20,2.30
2010.04.30 11:44:28.685,7.84755,7.85045,3.20,1.60
2010.04.30 11:44:28.779,7.84755,7.84995,3.20,1.60
2010.04.30 11:44:28.961,7.8472,7.8496,3.20,2.40
2010.04.30 11:44:29.050,7.84715,7.8496,1.00,2.40
2010.04.30 11:44:29.230,7.8466,7.8493,1.00,2.40
2010.04.30 11:44:32.241,7.84755,7.84975,2.40,1.00
2010.04.30 11:44:32.489,7.84755,7.8502,2.40,2.40
2010.04.30 11:44:32.736,7.84755,7.85045,2.40,1.60
2010.04.30 11:44:37.079,7.84725,7.8496,2.40,2.40
2010.04.30 11:44:37.705,7.8467,7.8496,1.60,2.40
2010.04.30 11:44:37.816,7.8465,7.84935,1.00,2.40
2010.04.30 11:44:38.257,7.8468,7.84935,1.00,2.40
2010.04.30 11:44:38.468,7.8468,7.8496,1.00,2.40
2010.04.30 11:44:38.778,7.8468,7.8495,1.00,2.40
2010.04.30 11:44:39.604,7.84695,7.8495,1.00,2.40
2010.04.30 11:44:43.246,7.84715,7.8499,2.40,2.40
2010.04.30 11:44:43.475,7.8472,7.85015,1.00,2.40
2010.04.30 11:44:44.308,7.84755,7.8505,2.40,2.40
2010.04.30 11:44:44.446,7.84755,7.85055,2.40,2.40
2010.04.30 11:44:58.072,7.8475,7.8504,2.40,1.00
2010.04.30 11:44:58.664,7.84755,7.8504,2.40,1.00
2010.04.30 11:44:58.981,7.8474,7.8504,2.40,2.40
2010.04.30 11:44:59.292,7.84745,7.8504,2.40,1.00
2010.04.30 11:45:08.138,7.8468,7.8496,1.00,2.40
2010.04.30 11:45:08.451,7.84675,7.8496,1.00,2.40
2010.04.30 11:45:11.985,7.847,7.84995,2.40,1.00
2010.04.30 11:45:12.335,7.8471,7.8501,2.40,2.40
2010.04.30 11:45:16.638,7.84725,7.8502,2.40,1.00
2010.04.30 11:45:42.778,7.8469,7.8496,2.40,2.40
2010.04.30 11:45:43.129,7.84635,7.84935,3.20,2.40
2010.04.30 11:46:42.824,7.84635,7.8495,1.00,1.00
2010.04.30 11:46:45.133,7.84635,7.84915,1.00,1.60
2010.04.30 11:46:45.853,7.84635,7.84895,1.00,1.00
2010.04.30 11:46:46.104,7.846,7.84885,1.00,2.40
2010.04.30 11:47:28.260,7.846,7.8488,1.00,1.00
2010.04.30 11:48:25.296,7.846,7.8486,1.00,1.00
2010.04.30 11:48:46.015,7.846,7.84895,1.60,1.00
2010.04.30 11:48:46.180,7.846,7.84895,4.00,1.00
2010.04.30 11:48:48.159,7.84605,7.84895,1.60,1.00
2010.04.30 11:48:49.074,7.84665,7.8496,2.40,1.00
2010.04.30 11:48:52.653,7.847,7.8497,3.20,1.00
2010.04.30 11:48:52.751,7.84705,7.84995,2.40,1.00
2010.04.30 11:48:52.936,7.84725,7.8502,2.40,1.00
2010.04.30 11:48:53.216,7.8472,7.8502,2.40,2.50
2010.04.30 11:49:00.563,7.8472,7.8501,2.40,1.00
2010.04.30 11:49:19.551,7.8472,7.8499,2.40,1.00
2010.04.30 11:49:19.743,7.84685,7.84985,2.40,2.40
2010.04.30 11:49:21.569,7.84685,7.8498,2.40,1.00
2010.04.30 11:49:39.733,7.84685,7.8497,2.40,1.00
2010.04.30 11:50:03.636,7.84685,7.8496,2.40,1.00
2010.04.30 11:50:19.853,7.8468,7.8496,1.00,1.00
2010.04.30 11:50:21.606,7.8472,7.8502,2.40,4.90
2010.04.30 11:50:21.953,7.8472,7.8502,2.40,2.50
2010.04.30 11:50:29.706,7.8472,7.8501,2.40,1.00
2010.04.30 11:50:31.896,7.8472,7.8501,3.20,1.00
2010.04.30 11:50:52.435,7.8472,7.85,3.20,1.00
2010.04.30 11:51:09.827,7.84725,7.8502,2.40,1.00
2010.04.30 11:51:25.244,7.8472,7.8502,2.40,2.50
2010.04.30 11:51:32.368,7.8472,7.8501,2.40,1.00
2010.04.30 11:51:56.743,7.8472,7.85,2.40,1.00
2010.04.30 11:52:18.513,7.8472,7.8489,2.40,5.00
2010.04.30 11:52:24.792,7.84715,7.8487,1.00,5.00
2010.04.30 11:52:30.614,7.84715,7.8487,3.20,5.00
2010.04.30 11:52:30.955,7.84715,7.8487,2.40,5.00
2010.04.30 11:52:52.751,7.8468,7.8487,2.40,5.00
2010.04.30 11:52:54.440,7.8466,7.8487,1.00,5.00
2010.04.30 11:52:54.609,7.8466,7.8487,3.20,5.00
2010.04.30 11:52:55.210,7.8466,7.8487,2.40,5.00
2010.04.30 11:52:59.209,7.84635,7.8487,2.40,5.00
2010.04.30 11:52:59.810,7.84625,7.8487,2.40,5.00
2010.04.30 11:53:01.936,7.8462,7.8487,2.40,5.00
2010.04.30 11:53:02.558,7.84675,7.8487,2.40,5.00
2010.04.30 11:53:03.309,7.8463,7.8487,2.40,5.00
2010.04.30 11:53:04.176,7.8467,7.8487,2.40,5.00
2010.04.30 11:53:06.359,7.84645,7.8487,2.40,5.00
2010.04.30 11:53:10.200,7.8467,7.8487,2.40,5.00
2010.04.30 11:53:11.939,7.8472,7.8487,2.40,5.00
2010.04.30 11:53:13.186,7.84695,7.8487,3.20,5.00
2010.04.30 11:53:21.287,7.8474,7.8487,2.40,5.00
2010.04.30 11:53:22.100,7.84695,7.8487,1.00,5.00
2010.04.30 11:53:22.991,7.8474,7.8487,2.40,5.00
2010.04.30 11:53:23.272,7.84695,7.8487,1.60,5.00
2010.04.30 11:53:24.990,7.8474,7.8487,2.40,5.00
2010.04.30 11:53:25.274,7.84695,7.8487,1.00,5.00
2010.04.30 11:53:26.566,7.8474,7.8487,2.40,5.00
2010.04.30 11:53:26.834,7.84695,7.8487,1.00,5.00
2010.04.30 11:53:27.723,7.8474,7.8487,2.40,5.00
2010.04.30 11:53:27.911,7.84695,7.8487,1.00,5.00
2010.04.30 11:53:28.091,7.8474,7.8487,2.40,5.00
2010.04.30 11:53:28.742,7.84715,7.8487,2.40,5.00
2010.04.30 11:53:29.094,7.84695,7.8487,1.60,5.00
2010.04.30 11:53:31.621,7.8471,7.8487,2.40,5.00
2010.04.30 11:53:33.404,7.84695,7.8487,1.00,5.00
2010.04.30 11:53:34.508,7.8471,7.8487,2.40,5.00
2010.04.30 11:53:36.387,7.84695,7.8487,1.60,5.00
2010.04.30 11:54:01.696,7.8471,7.8487,2.40,5.00
2010.04.30 11:54:20.539,7.84695,7.8487,4.80,5.00
2010.04.30 11:55:13.266,7.84695,7.8487,4.00,5.00
2010.04.30 11:55:20.522,7.84695,7.8487,1.60,5.00
2010.04.30 11:55:37.536,7.8471,7.8487,2.40,5.00
2010.04.30 11:55:39.611,7.84695,7.8487,1.00,5.00
2010.04.30 11:55:40.384,7.8471,7.8487,2.40,4.20
2010.04.30 11:55:50.853,7.84695,7.8487,1.00,4.20
2010.04.30 11:55:56.360,7.847,7.8487,2.40,4.20
2010.04.30 11:55:57.203,7.84695,7.84965,1.00,1.00
2010.04.30 11:55:57.493,7.84695,7.8495,1.00,4.20
2010.04.30 11:55:58.097,7.8472,7.8495,2.40,4.20
2010.04.30 11:56:00.524,7.8472,7.8487,2.40,4.20
2010.04.30 11:56:00.797,7.84715,7.8487,2.40,4.20
2010.04.30 11:56:04.881,7.8471,7.8487,3.20,4.20
2010.04.30 11:56:05.140,7.8471,7.8487,2.40,4.20
2010.04.30 11:56:09.997,7.84695,7.84955,1.00,1.60
2010.04.30 11:56:10.320,7.84695,7.8488,1.00,4.20
2010.04.30 11:56:10.644,7.8473,7.8488,2.40,4.20
2010.04.30 11:56:10.965,7.84705,7.8488,1.00,4.20
2010.04.30 11:56:11.311,7.8472,7.8488,2.40,4.20
2010.04.30 11:56:12.173,7.8472,7.8503,2.40,1.00
2010.04.30 11:56:12.542,7.8472,7.8489,2.40,4.20
2010.04.30 11:56:12.731,7.84725,7.8489,2.40,4.20
2010.04.30 11:56:13.261,7.84705,7.8489,1.00,4.20
2010.04.30 11:56:14.350,7.84705,7.8486,1.00,4.20
2010.04.30 11:56:16.473,7.8474,7.8486,2.40,4.20
2010.04.30 11:56:22.147,7.8474,7.8485,2.40,4.20
2010.04.30 11:56:24.751,7.8474,7.8484,2.40,4.20
2010.04.30 11:56:26.836,7.8474,7.8498,2.40,1.00
2010.04.30 11:56:27.178,7.8474,7.8485,2.40,4.20
2010.04.30 11:56:37.883,7.8469,7.8483,1.00,4.20
2010.04.30 11:56:38.153,7.84745,7.8483,2.40,4.20
2010.04.30 11:56:38.418,7.84675,7.8483,2.40,4.20
2010.04.30 11:56:42.571,7.84725,7.8483,2.40,4.20
2010.04.30 11:56:43.630,7.847,7.8483,2.40,4.20
2010.04.30 11:56:43.953,7.84665,7.8483,1.00,4.20
2010.04.30 11:56:49.235,7.8466,7.8483,2.40,4.20
2010.04.30 11:56:49.474,7.8466,7.8483,3.20,4.20
2010.04.30 11:56:49.953,7.8466,7.8483,2.40,4.20
2010.04.30 11:56:50.192,7.84725,7.8483,2.40,4.20
2010.04.30 11:56:50.699,7.847,7.8483,2.40,4.20
2010.04.30 11:56:51.394,7.8466,7.8483,3.20,4.20
2010.04.30 11:56:59.817,7.8467,7.8483,1.00,4.20
2010.04.30 11:57:00.160,7.8468,7.8483,2.40,4.20
2010.04.30 11:57:02.542,7.84655,7.8483,2.40,4.20
2010.04.30 11:57:03.133,7.84695,7.8483,2.40,4.20
2010.04.30 11:57:03.482,7.8472,7.8483,2.40,4.20
2010.04.30 11:57:03.829,7.84655,7.8483,2.40,4.20
2010.04.30 11:57:04.558,7.8472,7.8483,2.40,4.20
2010.04.30 11:57:04.845,7.84665,7.8483,1.00,4.20
2010.04.30 11:57:10.646,7.8472,7.8483,2.40,4.20
2010.04.30 11:57:11.667,7.84665,7.8483,1.00,4.20
2010.04.30 11:57:11.946,7.8472,7.8483,2.40,4.20
2010.04.30 11:57:19.022,7.84665,7.8483,1.00,4.20
2010.04.30 11:57:19.317,7.8472,7.8483,2.40,4.20
2010.04.30 11:57:24.403,7.84655,7.8483,21.60,4.20
2010.04.30 11:57:25.022,7.84665,7.8483,1.00,4.20
2010.04.30 11:57:25.371,7.84655,7.8483,21.60,4.20
2010.04.30 11:57:25.718,7.84665,7.8483,1.00,4.20
2010.04.30 11:57:26.529,7.8472,7.8483,2.40,4.20
2010.04.30 11:57:26.878,7.84655,7.8483,21.60,4.20
2010.04.30 11:57:27.226,7.84665,7.8483,1.00,4.20
2010.04.30 11:57:30.781,7.8472,7.8483,2.40,4.20
2010.04.30 11:57:32.665,7.8467,7.8483,4.00,4.20
2010.04.30 11:57:41.286,7.84695,7.8483,1.00,4.20
2010.04.30 11:57:42.094,7.8469,7.8483,3.20,4.20
2010.04.30 11:57:43.261,7.8474,7.8483,2.40,3.40
2010.04.30 11:57:46.432,7.8472,7.8483,2.40,3.40
2010.04.30 11:57:53.935,7.84655,7.8483,2.40,3.40
2010.04.30 11:57:54.280,7.84655,7.8483,3.20,3.40
2010.04.30 11:58:05.060,7.8472,7.8483,2.40,3.40
2010.04.30 11:58:08.852,7.84715,7.8483,2.40,3.40
2010.04.30 11:58:11.302,7.8471,7.8483,2.40,3.40
2010.04.30 11:58:21.991,7.8471,7.8483,2.40,1.00
2010.04.30 11:58:23.650,7.84715,7.8483,2.40,1.00
2010.04.30 11:59:04.117,7.8474,7.8483,2.40,1.00
2010.04.30 11:59:23.896,7.8469,7.8483,3.20,1.00
2010.04.30 11:59:32.179,7.8469,7.8483,3.20,1.00
2010.04.30 11:59:34.949,7.847,7.8483,1.00,1.00
2010.04.30 11:59:35.161,7.847,7.84995,2.10,1.00
2010.04.30 11:59:35.253,7.84725,7.8502,2.40,1.00
2010.04.30 11:59:35.770,7.847,7.85015,3.20,1.00
2010.04.30 11:59:42.262,7.847,7.8499,3.20,1.00
2010.04.30 11:59:49.094,7.84705,7.84995,1.60,1.00
2010.04.30 11:59:49.376,7.84735,7.8503,2.40,1.00
2010.04.30 11:59:57.737,7.8475,7.8503,1.00,1.00
2010.04.30 11:59:58.382,7.8475,7.85035,1.00,2.40
2010.04.30 11:59:58.730,7.84755,7.85045,1.60,1.00
