2015.06.24 17:00:01.074,8.79226,8.79579,1.07,1.00
2015.06.24 17:00:01.591,8.79226,8.79579,1.00,1.00
2015.06.24 17:00:02.727,8.79226,8.79579,1.37,1.00
2015.06.24 17:00:05.560,8.79226,8.79579,1.10,1.00
2015.06.24 17:00:06.133,8.79226,8.79579,1.37,1.00
2015.06.24 17:00:06.458,8.79226,8.79567,1.45,1.00
2015.06.24 17:00:07.574,8.79243,8.79567,1.00,1.00
2015.06.24 17:00:12.255,8.79243,8.79578,1.00,1.00
2015.06.24 17:00:12.356,8.79213,8.79578,1.07,1.00
2015.06.24 17:00:12.981,8.79234,8.79578,1.00,1.00
2015.06.24 17:00:15.296,8.79219,8.79578,1.10,1.00
2015.06.24 17:00:18.826,8.79219,8.79571,1.10,1.00
2015.06.24 17:00:27.116,8.79219,8.7957,1.10,1.00
2015.06.24 17:00:35.318,8.79221,8.7957,1.00,1.00
2015.06.24 17:00:36.883,8.79221,8.79571,1.00,1.00
2015.06.24 17:00:45.228,8.79221,8.79574,1.00,1.00
2015.06.24 17:00:45.331,8.79238,8.79573,1.00,1.00
2015.06.24 17:00:50.413,8.79238,8.79582,1.00,1.00
2015.06.24 17:00:50.943,8.79241,8.79582,1.07,1.00
2015.06.24 17:00:51.252,8.79244,8.79582,1.00,1.00
2015.06.24 17:00:52.929,8.79228,8.79582,1.00,1.00
2015.06.24 17:00:53.435,8.79214,8.79582,1.07,1.00
2015.06.24 17:00:53.802,8.79211,8.79575,1.00,2.10
2015.06.24 17:00:54.033,8.79211,8.79578,1.00,2.10
2015.06.24 17:00:54.272,8.79211,8.79581,1.00,2.10
2015.06.24 17:00:54.735,8.79192,8.79572,1.07,1.60
2015.06.24 17:01:09.546,8.79192,8.79572,1.07,1.60
2015.06.24 17:01:11.772,8.79192,8.79571,1.07,1.60
2015.06.24 17:01:15.043,8.79192,8.79567,1.00,2.10
2015.06.24 17:01:15.260,8.79181,8.79561,1.00,1.60
2015.06.24 17:01:15.674,8.792,8.79567,1.00,2.10
2015.06.24 17:01:18.264,8.79183,8.79563,1.00,1.60
2015.06.24 17:01:30.252,8.79183,8.79563,1.07,1.60
2015.06.24 17:01:35.815,8.79191,8.79567,1.00,2.10
2015.06.24 17:01:36.434,8.79174,8.79546,1.00,2.10
2015.06.24 17:01:36.549,8.79174,8.79546,1.00,3.60
2015.06.24 17:01:36.702,8.79154,8.79525,1.07,1.00
2015.06.24 17:01:36.753,8.79154,8.79525,1.07,1.60
2015.06.24 17:01:37.430,8.79112,8.79487,1.00,1.60
2015.06.24 17:01:37.482,8.79112,8.79487,1.07,1.60
2015.06.24 17:01:37.877,8.79112,8.79487,1.00,1.60
2015.06.24 17:01:38.080,8.79112,8.79487,1.00,1.60
2015.06.24 17:01:38.232,8.79129,8.79487,1.00,1.60
2015.06.24 17:01:38.645,8.79129,8.79487,1.12,1.00
2015.06.24 17:01:38.697,8.79129,8.79509,1.20,1.60
2015.06.24 17:01:39.681,8.79147,8.79523,1.07,1.60
2015.06.24 17:01:40.125,8.79147,8.79523,1.07,1.60
2015.06.24 17:01:40.723,8.79165,8.79523,1.00,1.60
2015.06.24 17:01:40.775,8.79165,8.79523,1.00,1.60
2015.06.24 17:01:41.531,8.79184,8.79551,1.00,2.10
2015.06.24 17:01:41.889,8.79184,8.79551,1.07,2.10
2015.06.24 17:01:44.951,8.79184,8.79551,1.00,2.10
2015.06.24 17:01:45.053,8.79158,8.79538,1.07,1.60
2015.06.24 17:01:45.918,8.79158,8.79532,1.07,2.10
2015.06.24 17:01:49.297,8.79141,8.79521,1.07,1.60
2015.06.24 17:01:49.864,8.79141,8.79521,1.07,1.60
2015.06.24 17:01:50.283,8.79141,8.79521,1.07,1.60
2015.06.24 17:01:57.122,8.79146,8.79526,1.07,1.60
2015.06.24 17:01:57.566,8.79166,8.79531,1.00,1.60
2015.06.24 17:01:57.896,8.79149,8.79527,1.07,2.10
2015.06.24 17:02:04.605,8.79165,8.79521,1.00,1.60
2015.06.24 17:02:05.072,8.79165,8.79521,1.00,1.60
2015.06.24 17:02:05.273,8.79165,8.79521,1.00,1.60
2015.06.24 17:02:10.819,8.79186,8.79527,1.00,2.10
2015.06.24 17:02:15.339,8.79173,8.79526,1.00,2.10
2015.06.24 17:02:15.390,8.79156,8.79526,1.00,2.10
2015.06.24 17:02:35.319,8.79152,8.79526,1.00,2.10
2015.06.24 17:02:55.350,8.79137,8.79519,1.00,1.60
2015.06.24 17:03:04.150,8.79166,8.79511,1.00,1.00
2015.06.24 17:03:04.463,8.79184,8.79511,1.00,1.00
2015.06.24 17:03:05.661,8.79202,8.79546,1.00,1.35
2015.06.24 17:03:05.988,8.79218,8.79546,1.00,1.35
2015.06.24 17:03:06.090,8.79201,8.79546,1.00,1.35
2015.06.24 17:03:16.674,8.7917,8.79414,1.00,2.10
2015.06.24 17:03:16.725,8.79124,8.79414,1.37,2.10
2015.06.24 17:03:16.776,8.79124,8.79406,1.00,2.10
2015.06.24 17:03:30.269,8.79124,8.79405,1.00,2.10
2015.06.24 17:03:30.370,8.79114,8.79405,1.00,2.10
2015.06.24 17:03:30.901,8.79114,8.79404,1.00,2.10
2015.06.24 17:03:30.952,8.79124,8.79404,1.00,2.10
2015.06.24 17:03:31.906,8.79114,8.79402,1.00,2.10
2015.06.24 17:04:15.663,8.79114,8.79403,1.00,2.10
2015.06.24 17:04:15.714,8.79124,8.79403,1.00,2.10
2015.06.24 17:04:42.798,8.79124,8.79406,1.00,2.10
2015.06.24 17:04:43.102,8.79114,8.79403,1.00,2.10
2015.06.24 17:04:43.203,8.79124,8.79403,1.00,2.10
2015.06.24 17:04:52.350,8.79124,8.79403,1.37,2.10
2015.06.24 17:04:53.827,8.79124,8.79407,1.45,2.10
2015.06.24 17:04:56.517,8.79124,8.79403,1.45,2.10
2015.06.24 17:04:57.277,8.79124,8.79401,1.45,2.10
2015.06.24 17:05:14.248,8.79124,8.79401,1.82,2.10
2015.06.24 17:05:23.861,8.79124,8.79401,1.47,2.10
2015.06.24 17:05:27.368,8.79124,8.794,1.47,2.10
2015.06.24 17:05:27.888,8.79124,8.794,1.85,2.10
2015.06.24 17:05:29.768,8.79129,8.79406,1.12,2.10
2015.06.24 17:05:32.018,8.79134,8.79401,1.45,2.10
2015.06.24 17:05:37.726,8.79129,8.79413,1.12,2.10
2015.06.24 17:05:37.828,8.79129,8.79405,1.12,2.10
2015.06.24 17:05:39.033,8.79129,8.79413,1.12,2.10
2015.06.24 17:05:39.134,8.79129,8.79406,1.12,2.10
2015.06.24 17:05:43.828,8.79129,8.79413,1.12,2.10
2015.06.24 17:05:43.990,8.79129,8.79406,1.12,2.10
2015.06.24 17:05:44.330,8.79149,8.79406,1.12,2.10
2015.06.24 17:06:07.817,8.79131,8.79406,1.75,2.10
2015.06.24 17:06:07.868,8.79131,8.79406,1.45,2.10
2015.06.24 17:06:10.279,8.79124,8.79402,1.45,2.10
2015.06.24 17:06:10.568,8.79117,8.79402,1.75,2.10
2015.06.24 17:06:10.619,8.79117,8.79402,1.37,2.10
2015.06.24 17:06:10.838,8.79114,8.79398,1.00,2.10
2015.06.24 17:06:11.259,8.79114,8.79398,1.57,2.10
2015.06.24 17:06:13.528,8.79114,8.79402,1.57,2.10
2015.06.24 17:06:21.367,8.79114,8.79444,1.07,1.00
2015.06.24 17:06:21.439,8.79114,8.7944,1.07,1.00
2015.06.24 17:06:21.852,8.79131,8.7944,1.00,1.00
2015.06.24 17:06:35.293,8.79126,8.7944,1.00,1.00
2015.06.24 17:06:54.872,8.79126,8.79469,1.00,1.07
2015.06.24 17:06:55.313,8.79133,8.79469,1.00,1.07
2015.06.24 17:06:56.334,8.7915,8.79469,1.00,1.07
2015.06.24 17:06:56.487,8.7915,8.79469,1.00,1.00
2015.06.24 17:07:06.602,8.7915,8.79486,1.00,1.07
2015.06.24 17:07:12.436,8.7915,8.79486,1.07,1.07
2015.06.24 17:07:12.538,8.7915,8.79486,1.45,1.00
2015.06.24 17:07:35.372,8.79205,8.79486,1.00,1.00
2015.06.24 17:07:35.473,8.79205,8.79553,1.00,1.75
2015.06.24 17:07:35.525,8.79205,8.79553,1.07,1.00
2015.06.24 17:07:35.677,8.79205,8.79553,1.15,1.00
2015.06.24 17:07:35.779,8.7922,8.7959,1.07,1.07
2015.06.24 17:07:35.881,8.79242,8.7959,1.00,1.07
2015.06.24 17:07:36.185,8.79262,8.7959,1.00,1.00
2015.06.24 17:07:36.286,8.79262,8.79628,1.45,1.07
2015.06.24 17:07:37.023,8.79289,8.79628,1.07,1.00
2015.06.24 17:07:44.393,8.79289,8.79646,1.07,1.00
2015.06.24 17:07:44.495,8.79306,8.79646,1.00,1.00
2015.06.24 17:07:52.177,8.79306,8.79651,1.00,1.07
2015.06.24 17:07:52.547,8.79278,8.79571,1.00,1.00
2015.06.24 17:07:52.598,8.7924,8.79571,1.00,1.00
2015.06.24 17:07:52.700,8.79206,8.79571,1.00,1.00
2015.06.24 17:07:52.751,8.79204,8.79571,1.50,1.00
2015.06.24 17:07:53.468,8.79203,8.79571,1.00,1.00
2015.06.24 17:07:53.620,8.79186,8.79566,1.00,1.00
2015.06.24 17:07:54.126,8.79186,8.7953,1.00,1.00
2015.06.24 17:07:59.325,8.79186,8.79536,1.00,1.00
2015.06.24 17:08:04.582,8.79186,8.79554,1.00,1.00
2015.06.24 17:08:04.633,8.79206,8.79554,1.00,1.00
2015.06.24 17:08:05.201,8.79222,8.79554,1.00,1.00
2015.06.24 17:08:05.551,8.79222,8.79554,1.07,1.00
2015.06.24 17:08:09.891,8.79222,8.79554,1.82,1.00
2015.06.24 17:08:10.611,8.79243,8.79554,1.12,1.00
2015.06.24 17:08:13.577,8.79243,8.79579,1.12,1.00
2015.06.24 17:08:22.329,8.79243,8.79581,1.12,1.00
2015.06.24 17:08:29.788,8.79243,8.79588,1.12,1.07
2015.06.24 17:08:34.517,8.79266,8.79588,1.82,1.07
2015.06.24 17:08:34.618,8.7929,8.79638,1.12,1.00
2015.06.24 17:08:34.923,8.79283,8.79638,1.07,1.37
2015.06.24 17:08:35.242,8.79283,8.79638,1.82,1.00
2015.06.24 17:08:36.777,8.79319,8.79638,1.00,1.00
2015.06.24 17:08:37.817,8.79319,8.79673,1.00,1.37
2015.06.24 17:08:38.285,8.79336,8.79673,1.00,1.37
2015.06.24 17:08:38.336,8.79336,8.79673,1.00,1.00
2015.06.24 17:08:40.462,8.79353,8.79673,1.00,1.00
2015.06.24 17:08:44.881,8.79353,8.79691,1.00,1.00
2015.06.24 17:08:54.676,8.79353,8.79675,1.00,1.00
2015.06.24 17:08:54.727,8.79332,8.79675,1.10,1.00
2015.06.24 17:08:54.879,8.79312,8.79638,1.47,1.00
2015.06.24 17:08:55.817,8.7931,8.79638,1.07,1.00
2015.06.24 17:08:56.753,8.7931,8.79638,1.15,1.00
2015.06.24 17:08:56.804,8.7931,8.79638,1.45,1.00
2015.06.24 17:09:00.295,8.7931,8.79674,1.45,1.00
2015.06.24 17:09:03.960,8.79347,8.79674,1.00,1.00
2015.06.24 17:09:06.183,8.79347,8.79698,1.00,1.07
2015.06.24 17:09:06.619,8.79373,8.79698,1.00,1.07
2015.06.24 17:09:07.048,8.79354,8.79698,1.00,1.07
2015.06.24 17:09:07.150,8.79334,8.79698,1.00,1.07
2015.06.24 17:09:14.272,8.79334,8.79675,1.00,1.00
2015.06.24 17:09:15.643,8.79335,8.79675,1.00,1.00
2015.06.24 17:09:20.446,8.79335,8.79681,1.00,1.00
2015.06.24 17:09:26.458,8.79317,8.79674,1.37,1.00
2015.06.24 17:09:32.321,8.79317,8.79675,1.37,1.00
2015.06.24 17:09:32.644,8.79317,8.79673,1.37,1.00
2015.06.24 17:09:37.202,8.79306,8.79673,1.20,1.07
2015.06.24 17:09:38.340,8.79306,8.79666,1.12,1.00
2015.06.24 17:09:43.691,8.79306,8.79658,1.12,1.00
2015.06.24 17:09:50.699,8.79306,8.79659,1.12,1.00
2015.06.24 17:10:02.565,8.79308,8.79657,1.07,1.00
2015.06.24 17:10:08.593,8.79291,8.79655,1.57,1.00
2015.06.24 17:10:15.306,8.7932,8.79655,1.00,1.00
2015.06.24 17:10:17.477,8.7932,8.79665,1.00,1.00
2015.06.24 17:10:22.397,8.7934,8.79665,1.00,1.00
2015.06.24 17:10:23.456,8.7934,8.79696,1.00,1.82
2015.06.24 17:10:23.507,8.79357,8.79696,1.00,1.82
2015.06.24 17:10:47.953,8.79339,8.79695,1.00,1.45
2015.06.24 17:10:51.381,8.79356,8.79695,1.00,1.45
2015.06.24 17:10:57.175,8.79335,8.79693,1.50,1.45
2015.06.24 17:10:58.464,8.79514,8.79704,1.00,1.12
2015.06.24 17:10:58.566,8.79514,8.79728,1.00,1.00
2015.06.24 17:10:58.617,8.79514,8.79764,1.00,1.37
2015.06.24 17:11:09.922,8.79514,8.79783,1.00,1.45
2015.06.24 17:11:10.024,8.79514,8.7982,1.07,1.10
2015.06.24 17:11:10.227,8.79514,8.7982,1.82,1.10
2015.06.24 17:11:10.799,8.79527,8.7982,1.12,1.00
2015.06.24 17:11:10.851,8.79547,8.79857,1.75,1.07
2015.06.24 17:11:10.902,8.79562,8.79857,1.12,1.07
2015.06.24 17:11:11.322,8.7957,8.79857,1.12,1.00
2015.06.24 17:11:11.524,8.79524,8.79857,1.12,1.07
2015.06.24 17:11:11.727,8.79543,8.79857,1.12,1.07
2015.06.24 17:11:12.657,8.79553,8.79893,1.12,1.00
2015.06.24 17:11:14.156,8.79574,8.79893,1.12,1.00
2015.06.24 17:11:14.481,8.79603,8.79893,1.12,1.00
2015.06.24 17:11:14.806,8.79611,8.79893,1.12,1.00
2015.06.24 17:11:15.971,8.79611,8.79933,1.12,1.00
2015.06.24 17:11:16.073,8.79607,8.79933,1.12,1.00
2015.06.24 17:11:16.276,8.79626,8.79933,1.12,1.00
2015.06.24 17:11:16.590,8.79641,8.79933,1.12,1.00
2015.06.24 17:11:17.448,8.79579,8.79933,1.45,1.00
2015.06.24 17:11:18.257,8.79583,8.79933,1.12,1.00
2015.06.24 17:11:18.595,8.79617,8.79933,1.12,1.00
2015.06.24 17:11:19.209,8.79606,8.79933,1.12,1.00
2015.06.24 17:11:25.082,8.79606,8.7994,1.12,1.00
2015.06.24 17:11:30.711,8.79606,8.79947,1.12,1.00
2015.06.24 17:11:35.994,8.79606,8.79946,1.12,1.00
2015.06.24 17:11:38.217,8.79568,8.79946,2.25,1.07
2015.06.24 17:11:38.268,8.79568,8.79946,1.00,1.45
2015.06.24 17:11:38.747,8.79568,8.79946,1.37,1.37
2015.06.24 17:11:39.213,8.79569,8.79946,1.12,1.00
2015.06.24 17:11:39.694,8.79569,8.79946,1.12,1.75
2015.06.24 17:11:42.635,8.79569,8.79925,1.12,1.00
2015.06.24 17:11:48.184,8.79569,8.79686,1.12,1.00
2015.06.24 17:11:48.388,8.79514,8.79635,1.00,1.00
2015.06.24 17:11:48.439,8.79514,8.79626,1.00,1.07
2015.06.24 17:11:48.490,8.79444,8.79626,1.50,1.45
2015.06.24 17:11:48.541,8.79444,8.79598,1.50,2.10
2015.06.24 17:11:48.643,8.79307,8.79554,1.00,1.60
2015.06.24 17:11:48.796,8.79307,8.79554,1.75,1.60
2015.06.24 17:11:49.261,8.79259,8.79554,1.00,1.60
2015.06.24 17:11:49.314,8.79259,8.79554,1.00,1.60
2015.06.24 17:11:50.104,8.79254,8.79554,1.07,1.60
2015.06.24 17:11:50.256,8.79237,8.79554,1.45,1.60
2015.06.24 17:11:50.918,8.79265,8.79569,1.00,1.35
2015.06.24 17:11:50.970,8.79265,8.79597,1.37,1.37
2015.06.24 17:11:51.022,8.79289,8.79597,1.37,1.00
2015.06.24 17:11:51.568,8.79342,8.79644,1.12,1.00
2015.06.24 17:11:51.874,8.79361,8.7969,1.12,1.50
2015.06.24 17:11:52.026,8.7937,8.7969,1.12,1.00
2015.06.24 17:11:52.229,8.79356,8.7969,1.07,1.00
2015.06.24 17:11:53.028,8.79356,8.7969,1.00,1.00
2015.06.24 17:11:54.510,8.79374,8.79728,1.00,1.37
2015.06.24 17:11:54.561,8.79374,8.79728,1.00,1.00
2015.06.24 17:11:54.612,8.79407,8.79746,1.00,1.57
2015.06.24 17:11:54.916,8.79425,8.79767,1.12,1.00
2015.06.24 17:11:55.017,8.79425,8.79767,1.12,1.00
2015.06.24 17:11:55.328,8.79419,8.79767,1.07,1.00
2015.06.24 17:11:55.911,8.79419,8.79767,1.45,1.00
2015.06.24 17:11:56.423,8.79434,8.79767,1.00,1.00
2015.06.24 17:11:58.078,8.79434,8.79767,1.00,1.07
2015.06.24 17:11:59.218,8.79434,8.79767,1.00,1.00
2015.06.24 17:11:59.370,8.7944,8.79767,1.00,1.00
2015.06.24 17:11:59.675,8.79448,8.79807,1.75,1.00
2015.06.24 17:11:59.726,8.79448,8.79807,1.07,1.00
2015.06.24 17:11:59.879,8.79466,8.79807,1.00,1.00
2015.06.24 17:12:12.348,8.79466,8.79815,1.00,1.00
2015.06.24 17:12:15.557,8.79458,8.79815,1.00,1.00
2015.06.24 17:12:17.172,8.79475,8.79815,1.00,1.00
2015.06.24 17:12:21.796,8.79475,8.79822,1.00,1.00
2015.06.24 17:12:26.109,8.79475,8.79825,1.00,1.00
2015.06.24 17:12:31.169,8.79475,8.79822,1.00,1.00
2015.06.24 17:12:35.294,8.7948,8.79822,1.00,1.00
2015.06.24 17:12:39.199,8.7948,8.79828,1.00,1.00
2015.06.24 17:12:45.059,8.79541,8.79828,1.00,1.00
2015.06.24 17:12:45.110,8.79541,8.79886,1.00,1.00
2015.06.24 17:12:45.639,8.79542,8.79886,1.00,1.00
2015.06.24 17:12:45.893,8.79542,8.79922,1.00,1.00
2015.06.24 17:12:45.995,8.7955,8.79922,1.07,1.00
2015.06.24 17:12:46.478,8.7957,8.79923,1.00,1.00
2015.06.24 17:12:47.362,8.79589,8.79923,1.00,1.00
2015.06.24 17:12:47.998,8.79589,8.79923,1.00,1.37
2015.06.24 17:12:48.151,8.79589,8.79923,1.00,1.07
2015.06.24 17:12:48.544,8.79607,8.79923,1.00,1.07
2015.06.24 17:12:55.380,8.79612,8.79923,1.00,1.07
2015.06.24 17:12:59.024,8.79612,8.7986,1.00,1.00
2015.06.24 17:12:59.331,8.79456,8.79596,1.12,1.00
2015.06.24 17:12:59.382,8.79364,8.79596,1.45,1.00
2015.06.24 17:12:59.484,8.79364,8.79596,1.00,1.00
2015.06.24 17:12:59.856,8.79428,8.79596,1.12,1.00
2015.06.24 17:12:59.907,8.79481,8.79829,1.00,1.00
2015.06.24 17:12:59.959,8.79504,8.79829,1.00,1.00
2015.06.24 17:13:00.275,8.79484,8.79829,1.00,1.00
2015.06.24 17:13:00.326,8.79479,8.79829,1.00,1.00
2015.06.24 17:13:02.373,8.79497,8.79829,1.00,1.00
2015.06.24 17:13:07.138,8.79497,8.79831,1.00,1.00
2015.06.24 17:13:15.267,8.79484,8.79831,1.00,1.00
2015.06.24 17:13:19.621,8.79484,8.79826,1.00,1.00
2015.06.24 17:13:28.112,8.79484,8.79829,1.00,1.00
2015.06.24 17:13:35.626,8.79492,8.79831,1.00,1.00
2015.06.24 17:13:41.943,8.79492,8.79822,1.00,1.00
2015.06.24 17:13:42.054,8.79474,8.79822,1.00,1.00
2015.06.24 17:13:47.138,8.79474,8.79818,1.00,1.00
2015.06.24 17:13:52.222,8.79474,8.79823,1.00,1.00
2015.06.24 17:13:53.245,8.79474,8.79823,1.00,1.12
2015.06.24 17:13:53.549,8.79491,8.79823,1.00,1.37
2015.06.24 17:13:54.694,8.79491,8.79823,1.37,1.00
2015.06.24 17:13:54.846,8.79507,8.79862,1.07,1.00
2015.06.24 17:13:55.218,8.79525,8.79862,1.00,1.00
2015.06.24 17:13:55.371,8.79517,8.79862,1.00,1.00
2015.06.24 17:13:55.690,8.79517,8.79862,1.75,1.00
2015.06.24 17:13:56.272,8.79517,8.79862,1.45,1.00
2015.06.24 17:13:57.653,8.79517,8.79862,1.07,1.00
2015.06.24 17:13:57.704,8.79517,8.79862,1.07,1.00
2015.06.24 17:13:58.652,8.79517,8.79862,1.00,1.00
2015.06.24 17:13:59.007,8.79517,8.79862,1.00,1.12
2015.06.24 17:13:59.311,8.79517,8.79855,1.00,1.12
2015.06.24 17:13:59.816,8.79517,8.79862,1.00,1.45
2015.06.24 17:14:00.671,8.79517,8.79847,1.00,1.00
2015.06.24 17:14:03.848,8.79505,8.79847,1.07,1.00
2015.06.24 17:14:03.950,8.79505,8.79847,1.07,1.00
2015.06.24 17:14:04.263,8.79505,8.79847,1.45,1.00
2015.06.24 17:14:04.516,8.79505,8.79847,1.37,1.00
2015.06.24 17:14:05.879,8.79505,8.79872,1.37,1.00
2015.06.24 17:14:06.039,8.79508,8.79872,1.12,1.00
2015.06.24 17:14:06.141,8.79505,8.79872,1.45,1.00
2015.06.24 17:14:06.496,8.79505,8.79872,1.37,1.00
2015.06.24 17:14:07.482,8.79505,8.79872,1.07,1.00
2015.06.24 17:14:07.685,8.79505,8.79872,1.00,1.07
2015.06.24 17:14:08.670,8.79505,8.79872,1.00,1.45
2015.06.24 17:14:08.979,8.79505,8.79832,1.00,1.07
2015.06.24 17:14:09.868,8.79505,8.79832,1.45,1.00
2015.06.24 17:14:10.233,8.79505,8.79832,1.10,1.00
2015.06.24 17:14:11.658,8.79491,8.79832,1.12,1.00
2015.06.24 17:14:11.980,8.79485,8.79832,1.50,1.00
2015.06.24 17:14:13.172,8.79485,8.79832,1.45,1.00
2015.06.24 17:14:13.429,8.79485,8.79832,1.00,1.00
2015.06.24 17:14:13.736,8.79485,8.79832,1.00,1.07
2015.06.24 17:14:13.787,8.79466,8.79832,1.00,1.07
2015.06.24 17:14:13.950,8.79466,8.79832,1.00,1.00
2015.06.24 17:14:14.652,8.79466,8.79804,1.00,1.00
2015.06.24 17:14:15.101,8.79446,8.79804,1.00,1.47
2015.06.24 17:14:15.304,8.79435,8.79804,1.00,1.47
2015.06.24 17:14:18.445,8.79435,8.79768,1.00,1.00
2015.06.24 17:14:18.597,8.79421,8.79768,1.00,1.00
2015.06.24 17:14:19.427,8.79442,8.79768,1.12,1.00
2015.06.24 17:14:20.008,8.79443,8.79768,1.12,1.00
2015.06.24 17:14:20.211,8.79434,8.79768,1.45,1.00
2015.06.24 17:14:20.608,8.79434,8.79768,1.07,1.00
2015.06.24 17:14:21.310,8.79434,8.79804,1.07,1.00
2015.06.24 17:14:21.412,8.79451,8.79804,1.00,1.00
2015.06.24 17:14:22.416,8.79451,8.79804,1.00,1.47
2015.06.24 17:14:35.341,8.79441,8.79788,1.00,1.07
2015.06.24 17:14:37.173,8.79441,8.79788,1.00,1.47
2015.06.24 17:14:37.489,8.79441,8.79788,1.00,1.07
2015.06.24 17:14:46.209,8.79441,8.79781,1.00,1.00
2015.06.24 17:14:55.121,8.79441,8.79784,1.00,1.07
2015.06.24 17:14:55.238,8.79443,8.79784,1.00,1.07
2015.06.24 17:14:58.930,8.79443,8.79784,1.45,1.00
2015.06.24 17:14:59.086,8.79443,8.79823,1.45,1.00
2015.06.24 17:14:59.188,8.79488,8.79824,1.12,1.00
2015.06.24 17:14:59.340,8.79502,8.79857,1.47,1.50
2015.06.24 17:14:59.493,8.79503,8.79861,1.10,1.00
2015.06.24 17:14:59.646,8.79522,8.79861,1.00,1.00
2015.06.24 17:15:05.845,8.79522,8.7986,1.00,1.00
2015.06.24 17:15:06.417,8.79522,8.7986,1.00,1.07
2015.06.24 17:15:06.831,8.79522,8.7986,1.00,1.00
2015.06.24 17:15:15.557,8.7952,8.7986,1.00,1.00
2015.06.24 17:15:16.621,8.7952,8.79883,1.00,1.07
2015.06.24 17:15:16.671,8.79537,8.79883,1.37,1.00
2015.06.24 17:15:17.320,8.79584,8.79923,1.07,1.00
2015.06.24 17:15:17.421,8.79584,8.79961,1.07,1.00
2015.06.24 17:15:17.776,8.79584,8.79961,1.50,1.00
2015.06.24 17:15:22.684,8.79605,8.79978,1.07,1.00
2015.06.24 17:15:23.492,8.79605,8.79978,1.00,1.00
2015.06.24 17:15:24.700,8.79605,8.79978,1.00,1.07
2015.06.24 17:15:25.023,8.79621,8.79978,1.00,1.95
2015.06.24 17:15:25.074,8.79603,8.7994,1.00,1.00
2015.06.24 17:15:32.651,8.79603,8.79943,1.00,1.00
2015.06.24 17:15:38.051,8.79603,8.79941,1.00,1.00
2015.06.24 17:15:50.419,8.79603,8.7994,1.00,1.00
2015.06.24 17:15:55.205,8.79595,8.7994,1.00,1.00
2015.06.24 17:16:04.821,8.79595,8.79937,1.00,1.00
2015.06.24 17:16:15.491,8.79591,8.79937,1.00,1.00
2015.06.24 17:16:21.763,8.79554,8.79929,1.45,1.00
2015.06.24 17:16:22.017,8.79554,8.79929,1.00,1.00
2015.06.24 17:16:22.293,8.79571,8.79929,1.00,1.00
2015.06.24 17:16:23.400,8.79588,8.79929,1.00,1.00
2015.06.24 17:16:28.976,8.79588,8.79952,1.10,1.00
2015.06.24 17:16:35.022,8.79588,8.79947,1.10,1.00
2015.06.24 17:16:43.319,8.79588,8.79943,1.10,1.00
2015.06.24 17:16:48.397,8.79588,8.79931,1.00,1.00
2015.06.24 17:16:49.950,8.79588,8.79931,1.00,1.45
2015.06.24 17:16:50.052,8.79566,8.79931,1.00,1.45
2015.06.24 17:16:50.154,8.79566,8.79931,1.00,1.00
2015.06.24 17:16:50.939,8.79566,8.79931,1.45,1.00
2015.06.24 17:16:55.900,8.79583,8.79935,1.07,1.00
2015.06.24 17:17:00.232,8.79583,8.79935,1.00,1.00
2015.06.24 17:17:15.590,8.79577,8.79935,1.00,1.00
2015.06.24 17:17:19.961,8.79577,8.79931,1.00,1.00
2015.06.24 17:17:21.313,8.79552,8.79887,1.00,1.07
2015.06.24 17:17:21.717,8.79535,8.79887,1.00,1.07
2015.06.24 17:17:22.925,8.79552,8.79887,1.00,1.07
2015.06.24 17:17:23.230,8.7957,8.79887,1.00,1.07
2015.06.24 17:17:23.484,8.7957,8.79923,1.07,1.00
2015.06.24 17:17:23.974,8.7957,8.79923,1.00,1.37
2015.06.24 17:17:24.718,8.79572,8.79923,1.12,1.00
2015.06.24 17:17:25.277,8.79586,8.79923,1.12,1.00
2015.06.24 17:17:25.853,8.79588,8.79923,1.45,1.00
2015.06.24 17:17:26.017,8.79588,8.79789,1.45,2.10
2015.06.24 17:17:26.120,8.79583,8.79756,1.12,1.60
2015.06.24 17:17:26.171,8.79583,8.79686,1.12,1.00
2015.06.24 17:17:26.413,8.79433,8.79686,1.07,1.00
2015.06.24 17:17:26.768,8.79416,8.79687,1.12,1.00
2015.06.24 17:17:27.407,8.79394,8.79687,1.37,1.00
2015.06.24 17:17:27.660,8.79376,8.79687,1.00,1.00
2015.06.24 17:17:28.118,8.79376,8.79733,1.00,1.12
2015.06.24 17:17:28.169,8.79379,8.79733,1.00,1.12
2015.06.24 17:17:28.220,8.794,8.79761,1.45,1.00
2015.06.24 17:17:28.423,8.79399,8.79761,1.00,1.45
2015.06.24 17:17:29.051,8.79415,8.79761,1.00,1.45
2015.06.24 17:17:29.153,8.79434,8.79807,1.47,1.00
2015.06.24 17:17:29.203,8.79451,8.79807,1.12,1.00
2015.06.24 17:17:29.509,8.79349,8.79586,1.00,1.00
2015.06.24 17:17:29.611,8.79333,8.79586,1.00,1.00
2015.06.24 17:17:29.662,8.79329,8.79586,1.00,1.00
2015.06.24 17:17:29.713,8.79316,8.79586,1.00,1.00
2015.06.24 17:17:29.957,8.79316,8.79586,1.07,1.00
2015.06.24 17:17:30.210,8.79299,8.79586,1.07,1.00
2015.06.24 17:17:30.428,8.79299,8.79586,1.00,1.00
2015.06.24 17:17:30.631,8.79282,8.79586,1.00,1.00
2015.06.24 17:17:31.090,8.79282,8.79586,1.00,1.37
2015.06.24 17:17:31.437,8.79282,8.79655,1.45,1.45
2015.06.24 17:17:31.639,8.79318,8.79655,1.00,1.45
2015.06.24 17:17:32.608,8.79388,8.79659,1.00,1.12
2015.06.24 17:17:32.659,8.7939,8.79766,1.12,1.00
2015.06.24 17:17:32.710,8.79409,8.79766,1.00,1.00
2015.06.24 17:17:33.348,8.79409,8.79789,1.00,1.00
2015.06.24 17:17:33.501,8.79432,8.79789,1.12,1.00
2015.06.24 17:17:33.552,8.79434,8.79803,1.45,1.00
2015.06.24 17:17:33.704,8.79454,8.79803,1.12,1.00
2015.06.24 17:17:34.383,8.79454,8.79803,1.37,1.00
2015.06.24 17:17:34.567,8.79454,8.79613,1.37,2.10
2015.06.24 17:17:34.720,8.79384,8.79593,1.50,1.60
2015.06.24 17:17:34.822,8.79295,8.79579,1.12,2.10
2015.06.24 17:17:34.873,8.79295,8.79543,1.12,1.00
2015.06.24 17:17:35.179,8.79295,8.79543,1.12,1.60
2015.06.24 17:17:35.484,8.79274,8.79543,1.87,1.60
2015.06.24 17:17:35.535,8.79274,8.79543,1.87,1.60
2015.06.24 17:17:35.637,8.79274,8.79543,1.12,1.60
2015.06.24 17:17:35.688,8.79238,8.79543,1.07,1.60
2015.06.24 17:17:36.163,8.79219,8.79543,1.45,1.60
2015.06.24 17:17:36.327,8.79219,8.79543,1.45,1.00
2015.06.24 17:17:36.378,8.79219,8.79598,1.45,1.12
2015.06.24 17:17:36.480,8.79279,8.7962,1.12,1.00
2015.06.24 17:17:36.531,8.79305,8.79663,1.07,1.00
2015.06.24 17:17:36.582,8.79307,8.79663,1.12,1.00
2015.06.24 17:17:36.634,8.79307,8.79685,1.12,1.00
2015.06.24 17:17:36.685,8.79317,8.79685,1.12,1.00
2015.06.24 17:17:36.736,8.79337,8.79701,1.12,1.00
2015.06.24 17:17:37.454,8.79358,8.79701,1.12,1.00
2015.06.24 17:17:37.670,8.79356,8.79701,1.12,1.00
2015.06.24 17:17:38.660,8.7936,8.79701,1.37,1.00
2015.06.24 17:17:39.015,8.7936,8.79701,1.10,1.00
2015.06.24 17:17:41.876,8.7936,8.79724,1.00,1.00
2015.06.24 17:17:42.617,8.79361,8.79724,1.00,1.00
2015.06.24 17:17:42.668,8.79381,8.79724,1.00,1.00
2015.06.24 17:17:43.655,8.79402,8.79761,1.07,1.07
2015.06.24 17:17:43.959,8.79402,8.79761,1.12,1.00
2015.06.24 17:17:44.729,8.79419,8.79761,1.00,1.00
2015.06.24 17:17:44.887,8.79419,8.79776,1.00,1.50
2015.06.24 17:17:44.938,8.7942,8.79776,1.12,1.50
2015.06.24 17:17:45.142,8.79419,8.79776,1.00,1.50
2015.06.24 17:17:45.786,8.79419,8.79798,1.00,1.37
2015.06.24 17:17:45.837,8.79438,8.79798,1.00,1.37
2015.06.24 17:17:47.979,8.79454,8.79798,1.00,1.37
2015.06.24 17:17:48.030,8.79456,8.79834,1.12,1.00
2015.06.24 17:17:48.268,8.79486,8.79834,1.12,1.00
2015.06.24 17:17:48.321,8.795,8.79868,1.47,1.00
2015.06.24 17:17:48.372,8.7952,8.79879,1.10,1.00
2015.06.24 17:17:48.473,8.79501,8.79879,1.00,1.00
2015.06.24 17:17:49.032,8.79501,8.79879,1.45,1.00
2015.06.24 17:17:49.560,8.79521,8.79879,1.00,1.00
2015.06.24 17:17:49.661,8.79521,8.79879,1.00,1.45
2015.06.24 17:17:49.988,8.79521,8.79874,1.00,1.12
2015.06.24 17:17:50.196,8.79521,8.79879,1.00,1.45
2015.06.24 17:17:50.451,8.79521,8.79879,1.00,1.37
2015.06.24 17:17:55.374,8.79516,8.79867,1.00,1.07
2015.06.24 17:17:58.418,8.79516,8.79617,1.00,1.00
2015.06.24 17:17:58.469,8.79462,8.79563,1.12,1.00
2015.06.24 17:17:58.571,8.79343,8.79558,1.12,1.00
2015.06.24 17:17:58.673,8.79378,8.79558,1.12,1.00
2015.06.24 17:17:58.827,8.79345,8.79558,1.12,1.00
2015.06.24 17:17:59.182,8.79345,8.79603,1.12,1.00
2015.06.24 17:17:59.234,8.79345,8.79636,1.12,3.00
2015.06.24 17:17:59.285,8.79345,8.79636,1.12,1.50
2015.06.24 17:17:59.336,8.79315,8.79636,1.12,1.50
2015.06.24 17:18:00.297,8.79334,8.79673,1.37,1.00
2015.06.24 17:18:00.348,8.79334,8.79711,1.37,1.00
2015.06.24 17:18:00.450,8.79351,8.79711,1.07,1.00
2015.06.24 17:18:00.653,8.79351,8.79711,1.00,1.00
2015.06.24 17:18:00.867,8.79369,8.79711,1.00,1.00
2015.06.24 17:18:02.127,8.79369,8.79747,1.00,1.00
2015.06.24 17:18:02.228,8.79372,8.79747,1.00,1.00
2015.06.24 17:18:02.532,8.7942,8.79747,1.45,1.00
2015.06.24 17:18:02.634,8.7942,8.79792,1.45,1.00
2015.06.24 17:18:02.786,8.7942,8.79792,1.07,1.00
2015.06.24 17:18:02.963,8.7942,8.79792,1.00,1.00
2015.06.24 17:18:03.178,8.7942,8.79792,1.45,1.00
2015.06.24 17:18:03.766,8.79454,8.79826,1.07,1.50
2015.06.24 17:18:03.969,8.79454,8.79826,1.00,1.50
2015.06.24 17:18:10.316,8.79454,8.79833,1.00,1.00
2015.06.24 17:18:12.748,8.79454,8.79825,1.00,1.00
2015.06.24 17:18:13.140,8.79384,8.79497,1.50,1.00
2015.06.24 17:18:13.191,8.79254,8.79497,1.75,1.00
2015.06.24 17:18:13.457,8.79226,8.79486,1.47,1.00
2015.06.24 17:18:14.013,8.79224,8.79486,1.45,1.00
2015.06.24 17:18:14.514,8.79216,8.79487,1.12,1.00
2015.06.24 17:18:15.418,8.79283,8.79575,1.12,1.00
2015.06.24 17:18:15.469,8.79283,8.79646,1.12,2.25
2015.06.24 17:18:15.520,8.79314,8.79646,1.12,1.00
2015.06.24 17:18:15.723,8.79348,8.79682,1.12,1.00
2015.06.24 17:18:16.231,8.79393,8.79716,1.12,1.50
2015.06.24 17:18:16.490,8.79374,8.79716,1.12,1.50
2015.06.24 17:18:16.717,8.79379,8.79725,1.57,1.00
2015.06.24 17:18:16.926,8.79379,8.79725,1.37,1.00
2015.06.24 17:18:17.480,8.79379,8.79725,1.00,1.00
2015.06.24 17:18:19.607,8.79396,8.79725,1.00,1.00
2015.06.24 17:18:25.806,8.79396,8.79751,1.00,1.00
2015.06.24 17:18:28.796,8.79416,8.79751,1.00,1.00
2015.06.24 17:18:38.355,8.79416,8.79765,1.00,1.07
2015.06.24 17:18:40.519,8.79416,8.79765,1.00,1.00
2015.06.24 17:18:40.722,8.79416,8.79765,1.37,1.00
2015.06.24 17:18:41.255,8.79416,8.79765,1.00,1.07
2015.06.24 17:18:41.658,8.79434,8.79765,1.00,1.07
2015.06.24 17:18:41.709,8.79434,8.79765,1.00,1.00
2015.06.24 17:18:42.132,8.79434,8.79802,1.00,1.00
2015.06.24 17:18:42.234,8.79475,8.79802,1.12,1.00
2015.06.24 17:18:42.386,8.79475,8.79816,1.12,1.50
2015.06.24 17:18:42.488,8.79466,8.79816,1.07,1.50
2015.06.24 17:18:42.690,8.79466,8.79816,1.00,1.50
2015.06.24 17:18:42.741,8.79479,8.79816,1.00,1.50
2015.06.24 17:18:42.792,8.79479,8.7984,1.00,1.00
2015.06.24 17:18:42.843,8.79482,8.7984,1.00,1.00
2015.06.24 17:18:43.248,8.79482,8.7984,1.37,1.00
2015.06.24 17:18:44.431,8.79482,8.7984,1.00,1.00
2015.06.24 17:18:49.461,8.79482,8.7985,1.00,1.00
2015.06.24 17:18:53.068,8.79503,8.7985,1.00,1.00
2015.06.24 17:18:54.626,8.79503,8.79874,1.00,1.00
2015.06.24 17:18:55.961,8.79494,8.79874,1.00,1.50
2015.06.24 17:18:58.884,8.79513,8.79874,1.00,1.00
2015.06.24 17:19:00.852,8.79513,8.79872,1.00,1.00
2015.06.24 17:19:10.369,8.79513,8.79868,1.00,1.00
2015.06.24 17:19:15.261,8.79507,8.79868,1.00,1.00
2015.06.24 17:19:19.285,8.79507,8.79866,1.00,1.00
2015.06.24 17:19:25.472,8.79507,8.79868,1.00,1.00
2015.06.24 17:19:34.885,8.79507,8.79866,1.00,1.00
2015.06.24 17:19:35.767,8.7951,8.79866,1.00,1.00
2015.06.24 17:19:42.657,8.7951,8.79865,1.00,1.00
2015.06.24 17:19:45.607,8.7951,8.79865,1.00,1.57
2015.06.24 17:19:46.176,8.7951,8.79865,1.00,1.37
2015.06.24 17:19:46.486,8.7951,8.79865,1.00,1.10
2015.06.24 17:19:47.762,8.7951,8.79861,1.00,1.00
2015.06.24 17:19:48.270,8.7951,8.79861,1.00,1.07
2015.06.24 17:19:49.654,8.7951,8.79861,1.00,1.00
2015.06.24 17:19:50.998,8.79526,8.79861,1.00,1.00
2015.06.24 17:19:51.315,8.79546,8.79861,1.00,1.00
2015.06.24 17:19:51.618,8.79546,8.79861,1.00,1.12
2015.06.24 17:19:51.973,8.79546,8.79861,1.00,1.00
2015.06.24 17:19:55.217,8.79553,8.79861,1.00,1.00
2015.06.24 17:20:00.229,8.79553,8.79889,1.00,1.37
2015.06.24 17:20:02.065,8.79535,8.7989,1.00,1.37
2015.06.24 17:20:02.232,8.79535,8.79878,1.00,1.12
2015.06.24 17:20:02.858,8.79517,8.79878,1.00,1.12
2015.06.24 17:20:03.430,8.79517,8.79852,1.00,1.57
2015.06.24 17:20:03.737,8.79517,8.79852,1.00,1.07
2015.06.24 17:20:04.978,8.79517,8.79852,1.00,1.00
2015.06.24 17:20:08.696,8.79517,8.7985,1.00,1.00
2015.06.24 17:20:08.966,8.795,8.7985,1.00,1.00
2015.06.24 17:20:10.486,8.795,8.7985,1.00,1.07
2015.06.24 17:20:10.665,8.795,8.7985,1.00,1.00
2015.06.24 17:20:14.592,8.795,8.79836,1.00,1.00
2015.06.24 17:20:14.693,8.79483,8.79836,1.00,1.00
2015.06.24 17:20:20.792,8.79483,8.79834,1.00,1.00
2015.06.24 17:20:27.051,8.79483,8.79836,1.00,1.00
2015.06.24 17:20:28.729,8.79483,8.79836,1.00,1.37
2015.06.24 17:20:29.033,8.79483,8.79833,1.00,1.12
2015.06.24 17:20:29.347,8.79463,8.798,1.00,1.07
2015.06.24 17:20:29.904,8.79462,8.798,1.00,1.07
2015.06.24 17:20:35.277,8.79453,8.798,1.00,1.07
2015.06.24 17:20:53.654,8.7947,8.79797,1.00,1.07
2015.06.24 17:20:55.312,8.79457,8.79797,1.00,1.07
2015.06.24 17:21:11.198,8.79437,8.79799,1.00,1.07
2015.06.24 17:21:11.250,8.79435,8.79799,1.00,1.07
2015.06.24 17:21:15.642,8.79446,8.79793,1.00,1.07
2015.06.24 17:21:18.353,8.79426,8.79793,1.00,1.07
2015.06.24 17:21:20.124,8.79426,8.79779,1.00,1.00
2015.06.24 17:21:21.790,8.79444,8.79779,1.00,1.00
2015.06.24 17:21:25.125,8.79444,8.79799,1.00,1.07
2015.06.24 17:21:35.302,8.79455,8.79799,1.00,1.07
2015.06.24 17:21:42.479,8.79472,8.79798,1.00,1.07
2015.06.24 17:21:44.924,8.79454,8.79798,1.00,1.07
2015.06.24 17:21:46.483,8.79474,8.79805,1.00,1.07
2015.06.24 17:21:46.812,8.79491,8.79805,1.00,1.00
2015.06.24 17:21:47.364,8.79491,8.79842,1.00,1.07
2015.06.24 17:21:47.465,8.79491,8.79842,1.00,1.00
2015.06.24 17:21:48.038,8.7951,8.79842,1.00,1.00
2015.06.24 17:21:49.206,8.79527,8.79842,1.00,1.00
2015.06.24 17:21:50.297,8.7951,8.79842,1.00,1.00
2015.06.24 17:21:55.556,8.79515,8.79842,1.00,1.00
2015.06.24 17:21:55.857,8.79515,8.79871,1.00,1.00
2015.06.24 17:21:56.061,8.79532,8.79871,1.00,1.00
2015.06.24 17:21:56.366,8.79548,8.79871,1.00,1.00
2015.06.24 17:21:57.022,8.79565,8.79871,1.00,1.00
2015.06.24 17:21:58.116,8.79565,8.79908,1.00,1.07
2015.06.24 17:21:58.167,8.79565,8.79908,1.00,1.00
2015.06.24 17:22:00.990,8.79549,8.79908,1.07,1.00
2015.06.24 17:22:01.255,8.79549,8.79908,1.00,1.45
2015.06.24 17:22:02.344,8.79553,8.79908,1.00,1.45
2015.06.24 17:22:02.655,8.79553,8.79908,1.00,1.75
2015.06.24 17:22:03.011,8.79553,8.79908,1.00,1.45
2015.06.24 17:22:03.710,8.79569,8.79898,1.00,1.45
2015.06.24 17:22:05.142,8.79569,8.79898,1.00,1.07
2015.06.24 17:22:06.205,8.79569,8.79898,1.00,1.00
2015.06.24 17:22:13.144,8.79569,8.79922,1.00,1.07
2015.06.24 17:22:13.245,8.79587,8.79922,1.00,1.07
2015.06.24 17:22:14.244,8.79606,8.79936,1.00,1.12
2015.06.24 17:22:14.975,8.79606,8.79952,1.00,1.12
2015.06.24 17:22:15.183,8.79606,8.79932,1.00,1.12
2015.06.24 17:22:15.705,8.79614,8.7995,1.00,1.12
2015.06.24 17:22:16.175,8.79614,8.7996,1.00,1.00
2015.06.24 17:22:17.735,8.79614,8.79947,1.00,1.12
2015.06.24 17:22:18.040,8.79614,8.79908,1.00,1.12
2015.06.24 17:22:23.901,8.79598,8.79908,1.00,1.12
2015.06.24 17:22:24.954,8.79598,8.79925,1.00,1.12
2015.06.24 17:22:29.224,8.79598,8.79933,1.00,1.00
2015.06.24 17:22:29.989,8.79598,8.7997,1.00,1.12
2015.06.24 17:22:30.707,8.79598,8.7997,1.00,1.82
2015.06.24 17:22:31.678,8.79603,8.7997,1.00,1.82
2015.06.24 17:22:32.024,8.79623,8.7997,1.00,1.82
2015.06.24 17:22:32.277,8.79623,8.7997,1.00,1.00
2015.06.24 17:22:33.697,8.79623,8.7997,1.07,1.07
2015.06.24 17:22:34.234,8.79623,8.79941,1.00,1.12
2015.06.24 17:22:34.828,8.79623,8.79959,1.00,1.12
2015.06.24 17:22:35.974,8.79623,8.79954,1.00,1.07
2015.06.24 17:22:37.583,8.79623,8.79954,1.00,1.00
2015.06.24 17:22:43.082,8.79623,8.79961,1.00,1.00
2015.06.24 17:22:43.133,8.79603,8.79961,1.00,1.00
2015.06.24 17:22:43.184,8.79601,8.79961,1.00,1.00
2015.06.24 17:22:43.665,8.79582,8.79961,1.07,1.00
2015.06.24 17:22:43.892,8.79582,8.79961,1.00,1.75
2015.06.24 17:22:44.782,8.79582,8.79919,1.00,1.00
2015.06.24 17:22:44.833,8.79562,8.79919,1.00,1.00
2015.06.24 17:22:44.884,8.7956,8.79919,1.00,1.00
2015.06.24 17:22:45.351,8.7956,8.79919,1.00,1.07
2015.06.24 17:22:45.659,8.7956,8.79869,1.00,1.12
2015.06.24 17:22:45.982,8.7956,8.79869,1.00,1.12
2015.06.24 17:22:46.999,8.7956,8.79879,1.00,1.37
2015.06.24 17:22:47.202,8.7956,8.79879,1.00,1.07
2015.06.24 17:22:49.532,8.7954,8.79879,1.00,1.07
2015.06.24 17:22:49.634,8.79538,8.79879,1.00,1.07
2015.06.24 17:22:49.991,8.79538,8.79879,1.00,1.82
2015.06.24 17:22:50.661,8.79518,8.79869,1.00,1.37
2015.06.24 17:22:50.713,8.79508,8.79869,1.00,1.37
2015.06.24 17:22:50.822,8.79508,8.79869,1.00,1.07
2015.06.24 17:23:04.692,8.79485,8.79865,1.07,1.07
2015.06.24 17:23:05.302,8.79485,8.79865,1.00,1.45
2015.06.24 17:23:05.674,8.79485,8.79865,1.07,1.15
2015.06.24 17:23:06.399,8.79485,8.79865,1.07,1.07
2015.06.24 17:23:11.700,8.79485,8.79849,1.07,1.00
2015.06.24 17:23:19.846,8.79491,8.79853,1.07,1.00
2015.06.24 17:23:21.963,8.79475,8.79846,1.00,1.12
2015.06.24 17:23:22.272,8.79475,8.79815,1.00,1.07
2015.06.24 17:23:28.907,8.79475,8.7983,1.00,1.82
2015.06.24 17:23:29.234,8.79475,8.79822,1.00,1.12
2015.06.24 17:23:29.437,8.79475,8.79826,1.00,1.12
2015.06.24 17:23:29.662,8.79475,8.7983,1.00,1.37
2015.06.24 17:23:32.102,8.79493,8.7983,1.00,1.37
2015.06.24 17:23:35.565,8.79489,8.7983,1.00,1.37
2015.06.24 17:24:08.599,8.79489,8.79843,1.00,1.00
2015.06.24 17:24:15.517,8.795,8.79843,1.00,1.00
2015.06.24 17:24:21.681,8.795,8.79843,1.00,1.07
2015.06.24 17:24:22.705,8.795,8.79839,1.00,1.07
2015.06.24 17:24:23.222,8.795,8.79839,1.00,1.07
2015.06.24 17:24:35.572,8.79501,8.79842,1.00,1.07
2015.06.24 17:24:36.531,8.79501,8.79842,1.00,1.00
2015.06.24 17:24:39.391,8.79501,8.79842,1.00,1.12
2015.06.24 17:24:42.591,8.79501,8.79837,1.00,1.00
2015.06.24 17:24:49.133,8.79501,8.79849,1.00,1.00
2015.06.24 17:24:54.854,8.79501,8.79847,1.00,1.00
2015.06.24 17:24:55.514,8.7949,8.79847,1.00,1.07
2015.06.24 17:24:57.222,8.7949,8.79847,1.00,1.00
2015.06.24 17:24:58.330,8.79507,8.79847,1.00,1.00
2015.06.24 17:25:00.766,8.79507,8.79845,1.00,1.00
2015.06.24 17:25:04.363,8.79507,8.79845,1.00,1.07
2015.06.24 17:25:14.152,8.79507,8.79851,1.00,1.00
2015.06.24 17:25:17.763,8.79487,8.79851,1.00,1.00
2015.06.24 17:25:18.763,8.79487,8.79843,1.00,1.00
2015.06.24 17:25:20.368,8.79471,8.79843,1.07,1.00
2015.06.24 17:25:20.469,8.79471,8.79843,1.07,1.07
2015.06.24 17:25:21.214,8.79447,8.79817,1.12,1.07
2015.06.24 17:25:21.417,8.79437,8.79802,1.75,1.07
2015.06.24 17:25:21.468,8.79437,8.79802,1.37,1.07
2015.06.24 17:25:22.181,8.79437,8.79802,1.75,1.00
2015.06.24 17:25:23.577,8.79449,8.79799,1.12,1.00
2015.06.24 17:25:27.667,8.79449,8.79795,1.12,1.00
2015.06.24 17:25:28.617,8.79449,8.79782,1.12,1.00
2015.06.24 17:25:33.316,8.79449,8.79781,1.12,1.00
2015.06.24 17:25:34.172,8.79434,8.79781,1.12,1.00
2015.06.24 17:25:34.223,8.79418,8.79781,1.12,1.00
2015.06.24 17:25:34.325,8.79418,8.79765,1.12,1.00
2015.06.24 17:25:35.274,8.79406,8.79765,1.12,1.00
2015.06.24 17:25:35.431,8.79398,8.79765,1.20,1.07
2015.06.24 17:25:36.191,8.79407,8.79765,1.12,1.00
2015.06.24 17:25:36.394,8.79418,8.79765,1.12,1.00
2015.06.24 17:25:39.147,8.79386,8.79743,1.12,1.00
2015.06.24 17:25:41.432,8.79386,8.79743,1.12,1.00
2015.06.24 17:25:44.670,8.79381,8.79739,1.12,1.00
2015.06.24 17:25:45.114,8.79371,8.79739,1.12,1.07
2015.06.24 17:25:45.984,8.79383,8.79739,1.12,1.00
2015.06.24 17:25:49.843,8.79383,8.79743,1.12,1.00
2015.06.24 17:25:51.171,8.79371,8.79743,1.12,1.57
2015.06.24 17:25:51.963,8.79383,8.79743,1.12,1.50
2015.06.24 17:25:52.682,8.79395,8.79743,1.12,1.50
2015.06.24 17:25:53.177,8.79395,8.79727,1.12,1.00
2015.06.24 17:25:55.338,8.79395,8.79732,1.12,1.00
2015.06.24 17:26:00.711,8.7938,8.79732,1.12,1.00
2015.06.24 17:26:02.154,8.79393,8.79743,1.12,1.00
2015.06.24 17:26:02.465,8.79381,8.79743,1.12,1.00
2015.06.24 17:26:03.514,8.79369,8.79743,1.45,1.07
2015.06.24 17:26:03.919,8.79381,8.79743,1.12,1.00
2015.06.24 17:26:05.425,8.79381,8.79749,1.12,1.00
2015.06.24 17:26:06.005,8.79438,8.79749,1.12,1.00
2015.06.24 17:26:06.228,8.79395,8.79749,1.12,1.00
2015.06.24 17:26:06.765,8.79383,8.79749,1.12,1.00
2015.06.24 17:26:08.433,8.79384,8.79756,1.82,1.00
2015.06.24 17:26:09.381,8.79391,8.79756,1.12,1.00
2015.06.24 17:26:10.545,8.79402,8.79779,1.45,1.00
2015.06.24 17:26:11.597,8.79391,8.79759,1.12,1.00
2015.06.24 17:26:13.156,8.79379,8.79759,1.45,1.10
2015.06.24 17:26:13.359,8.79379,8.79742,1.45,1.00
2015.06.24 17:26:13.461,8.79379,8.79742,1.37,1.07
2015.06.24 17:26:14.736,8.79377,8.79742,1.12,1.50
2015.06.24 17:26:15.060,8.79389,8.79742,1.12,1.50
2015.06.24 17:26:15.409,8.79377,8.79742,1.12,1.50
2015.06.24 17:26:15.861,8.79362,8.79742,1.12,1.57
2015.06.24 17:26:16.385,8.79362,8.79715,1.12,1.00
2015.06.24 17:26:18.785,8.79362,8.79711,1.12,1.00
2015.06.24 17:26:19.089,8.79391,8.79711,1.12,1.00
2015.06.24 17:26:19.380,8.79376,8.79711,1.12,1.00
2015.06.24 17:26:23.127,8.79377,8.79711,1.12,1.00
2015.06.24 17:26:23.891,8.79379,8.79711,1.12,1.00
2015.06.24 17:26:24.493,8.79379,8.79732,1.12,1.00
2015.06.24 17:26:24.973,8.79391,8.79732,1.12,1.00
2015.06.24 17:26:27.015,8.79391,8.79734,1.12,1.00
2015.06.24 17:26:29.641,8.79391,8.79748,1.12,1.00
2015.06.24 17:26:35.326,8.79391,8.79735,1.12,1.00
2015.06.24 17:26:48.473,8.79391,8.79751,1.12,1.00
2015.06.24 17:26:55.113,8.79391,8.79752,1.12,1.00
2015.06.24 17:26:55.342,8.79391,8.79756,1.12,2.25
2015.06.24 17:27:04.502,8.79413,8.79771,1.07,1.00
2015.06.24 17:27:06.811,8.7943,8.79771,1.00,1.00
2015.06.24 17:27:07.741,8.7943,8.79807,1.00,1.37
2015.06.24 17:27:07.894,8.79447,8.79807,1.00,1.37
2015.06.24 17:27:09.440,8.79457,8.79807,1.12,1.00
2015.06.24 17:27:09.648,8.79447,8.79807,1.45,1.00
2015.06.24 17:27:09.699,8.79447,8.79807,1.07,1.00
2015.06.24 17:27:10.922,8.79447,8.79807,1.37,1.00
2015.06.24 17:27:21.547,8.79455,8.79834,1.07,1.00
2015.06.24 17:27:21.700,8.79438,8.79818,1.45,1.00
2015.06.24 17:27:22.058,8.7943,8.79799,1.12,1.00
2015.06.24 17:27:22.215,8.79422,8.79799,1.95,1.00
2015.06.24 17:27:22.662,8.79422,8.79799,1.57,1.07
2015.06.24 17:27:24.136,8.7944,8.79798,1.07,1.00
2015.06.24 17:27:24.187,8.7944,8.79798,1.00,1.07
2015.06.24 17:27:24.714,8.79423,8.79798,1.07,1.07
2015.06.24 17:27:28.246,8.79441,8.798,1.00,1.07
2015.06.24 17:27:30.782,8.79426,8.798,1.07,1.07
2015.06.24 17:27:35.330,8.79436,8.79807,1.00,1.12
2015.06.24 17:27:53.642,8.79472,8.79809,1.00,1.37
2015.06.24 17:27:53.895,8.79472,8.79814,1.12,1.00
2015.06.24 17:27:54.154,8.79488,8.79814,1.00,1.00
2015.06.24 17:27:54.458,8.79488,8.79814,1.45,1.00
2015.06.24 17:27:55.012,8.79506,8.79839,1.00,1.12
2015.06.24 17:27:55.165,8.79524,8.79839,1.00,1.12
2015.06.24 17:27:55.216,8.79524,8.79887,1.37,1.00
2015.06.24 17:27:55.368,8.79553,8.79887,1.00,1.00
2015.06.24 17:27:55.708,8.79553,8.79884,1.00,1.12
2015.06.24 17:27:56.994,8.79553,8.79923,1.07,1.00
2015.06.24 17:27:57.168,8.79553,8.79923,1.37,1.00
2015.06.24 17:28:01.962,8.79557,8.79936,1.37,1.00
2015.06.24 17:28:03.695,8.79557,8.79936,1.00,1.45
2015.06.24 17:28:03.798,8.79527,8.79907,1.07,1.00
2015.06.24 17:28:04.339,8.79527,8.79899,1.07,1.00
2015.06.24 17:28:04.648,8.7953,8.79899,1.12,1.00
2015.06.24 17:28:05.154,8.79527,8.79899,1.45,1.07
2015.06.24 17:28:06.304,8.79527,8.79899,1.15,1.37
2015.06.24 17:28:06.355,8.79527,8.79899,1.07,1.37
2015.06.24 17:28:08.932,8.79509,8.79885,1.00,1.12
2015.06.24 17:28:08.985,8.79509,8.79891,1.00,1.45
2015.06.24 17:28:09.614,8.79491,8.79867,1.07,1.07
2015.06.24 17:28:11.444,8.79491,8.79867,1.07,1.07
2015.06.24 17:28:14.218,8.79491,8.79867,1.00,1.37
2015.06.24 17:28:15.651,8.79487,8.79867,1.00,1.95
2015.06.24 17:28:16.100,8.79505,8.79864,1.00,1.47
2015.06.24 17:28:16.203,8.79488,8.79864,1.00,1.47
2015.06.24 17:28:16.419,8.79488,8.79864,1.07,1.17
2015.06.24 17:28:19.387,8.79488,8.79864,1.37,1.00
2015.06.24 17:28:21.641,8.79505,8.79872,1.07,1.00
2015.06.24 17:28:26.631,8.79559,8.79911,1.00,1.45
2015.06.24 17:28:26.888,8.79559,8.79939,1.07,1.00
2015.06.24 17:28:27.220,8.79559,8.79939,1.00,1.37
2015.06.24 17:28:27.272,8.79565,8.79939,1.75,1.37
2015.06.24 17:28:27.720,8.7962,8.79952,1.00,1.45
2015.06.24 17:28:27.928,8.79601,8.79952,1.00,1.45
2015.06.24 17:28:33.137,8.79601,8.79952,1.00,1.07
2015.06.24 17:28:33.580,8.79601,8.79952,1.00,1.00
2015.06.24 17:28:34.296,8.79601,8.7997,1.00,1.12
2015.06.24 17:28:34.956,8.79618,8.7997,1.00,1.12
2015.06.24 17:28:35.999,8.79618,8.7997,1.00,1.00
2015.06.24 17:28:36.050,8.79628,8.7997,1.00,1.00
2015.06.24 17:28:36.659,8.79628,8.7997,1.00,1.07
2015.06.24 17:28:39.307,8.79612,8.7997,1.00,1.07
2015.06.24 17:28:40.003,8.79639,8.79991,1.00,1.12
2015.06.24 17:28:40.534,8.79679,8.80011,1.00,1.12
2015.06.24 17:28:40.586,8.79679,8.80003,1.00,1.12
2015.06.24 17:28:40.791,8.79655,8.80003,1.00,1.12
2015.06.24 17:28:40.845,8.79655,8.80003,1.00,1.75
2015.06.24 17:28:40.947,8.79639,8.79995,1.00,1.12
2015.06.24 17:28:41.455,8.79614,8.79995,1.00,1.12
2015.06.24 17:28:41.506,8.79614,8.79996,1.00,1.75
2015.06.24 17:28:41.903,8.79614,8.79996,1.45,1.10
2015.06.24 17:28:42.724,8.79614,8.79996,1.00,1.45
2015.06.24 17:28:43.242,8.79614,8.79996,1.00,1.07
2015.06.24 17:28:43.627,8.79614,8.79964,1.00,1.00
2015.06.24 17:28:43.779,8.79589,8.79964,1.37,1.00
2015.06.24 17:28:45.998,8.7957,8.7995,1.75,1.00
2015.06.24 17:28:46.049,8.7957,8.7995,1.07,1.00
2015.06.24 17:28:49.452,8.7957,8.79937,1.07,1.00
2015.06.24 17:28:49.777,8.7956,8.79934,1.45,1.00
2015.06.24 17:28:50.345,8.79554,8.79934,1.00,1.00
2015.06.24 17:28:50.516,8.79554,8.79934,1.37,1.00
2015.06.24 17:28:55.291,8.79565,8.79937,1.45,1.00
2015.06.24 17:29:04.058,8.79565,8.79943,1.45,1.00
2015.06.24 17:29:08.270,8.79546,8.79927,1.12,1.00
2015.06.24 17:29:09.245,8.79545,8.79927,1.07,1.00
2015.06.24 17:29:14.303,8.79545,8.79926,1.07,1.00
2015.06.24 17:29:14.354,8.79526,8.79906,1.47,1.00
2015.06.24 17:29:15.340,8.79521,8.79903,1.45,1.00
2015.06.24 17:29:16.807,8.79521,8.79901,1.45,1.00
2015.06.24 17:29:23.690,8.79521,8.79903,1.45,1.00
2015.06.24 17:29:35.298,8.79525,8.79905,1.45,1.50
2015.06.24 17:29:36.882,8.79525,8.799,1.45,1.00
2015.06.24 17:29:37.489,8.79525,8.799,1.15,1.00
2015.06.24 17:29:37.892,8.79525,8.799,1.00,1.37
2015.06.24 17:29:38.480,8.79502,8.79882,1.07,1.00
2015.06.24 17:29:40.667,8.79502,8.79864,1.07,1.00
2015.06.24 17:29:45.857,8.79473,8.79853,1.87,1.00
2015.06.24 17:29:46.203,8.79473,8.7985,1.87,1.00
2015.06.24 17:29:51.600,8.79473,8.79846,1.87,1.00
2015.06.24 17:29:52.486,8.79473,8.79846,1.07,1.00
2015.06.24 17:29:56.799,8.79468,8.7984,1.37,1.00
2015.06.24 17:29:57.386,8.7949,8.7984,1.00,1.00
2015.06.24 17:29:57.739,8.7951,8.7984,1.07,1.00
2015.06.24 17:29:58.371,8.7951,8.79877,1.07,1.00
2015.06.24 17:29:59.459,8.79492,8.79872,1.45,1.00
2015.06.24 17:30:05.902,8.79492,8.79864,1.45,1.00
2015.06.24 17:30:08.346,8.79514,8.79864,1.00,1.00
2015.06.24 17:30:13.537,8.79492,8.79869,1.45,1.00
2015.06.24 17:30:21.981,8.79499,8.79864,1.07,1.00
2015.06.24 17:30:27.212,8.79499,8.79859,1.07,1.00
2015.06.24 17:30:32.315,8.79474,8.7985,1.75,1.00
2015.06.24 17:30:34.540,8.79493,8.79869,1.47,1.00
2015.06.24 17:30:37.927,8.79493,8.79872,1.47,1.00
2015.06.24 17:30:44.924,8.79493,8.79873,1.47,1.00
2015.06.24 17:30:45.399,8.79511,8.79873,1.20,1.00
2015.06.24 17:30:45.552,8.79531,8.79899,1.12,1.00
2015.06.24 17:30:46.149,8.79519,8.79899,1.07,1.07
2015.06.24 17:30:46.755,8.79519,8.79899,1.82,1.07
2015.06.24 17:30:47.130,8.79546,8.79899,1.12,1.00
2015.06.24 17:30:47.537,8.79519,8.79899,1.07,1.07
2015.06.24 17:30:48.246,8.79519,8.79899,2.25,1.00
2015.06.24 17:30:48.297,8.79617,8.79918,1.12,1.00
2015.06.24 17:30:48.651,8.79617,8.79959,1.12,1.00
2015.06.24 17:30:48.753,8.7959,8.79963,1.50,1.00
2015.06.24 17:30:48.855,8.796,8.7998,1.45,1.00
2015.06.24 17:30:49.007,8.796,8.7998,1.00,1.00
2015.06.24 17:30:49.687,8.796,8.7998,1.07,1.00
2015.06.24 17:30:50.036,8.796,8.7998,1.45,1.00
2015.06.24 17:30:50.567,8.796,8.7998,1.07,1.00
2015.06.24 17:30:50.618,8.796,8.7998,1.00,1.00
2015.06.24 17:30:51.845,8.79616,8.79996,1.00,1.00
2015.06.24 17:30:52.303,8.79616,8.79996,1.07,1.00
2015.06.24 17:30:52.655,8.7964,8.7998,1.12,1.00
2015.06.24 17:30:53.796,8.79612,8.7998,1.12,1.00
2015.06.24 17:30:55.039,8.796,8.7998,1.37,1.00
2015.06.24 17:30:55.532,8.79605,8.79985,1.00,1.00
2015.06.24 17:30:56.187,8.79605,8.79985,1.07,1.00
2015.06.24 17:30:56.508,8.79637,8.79985,1.12,1.00
2015.06.24 17:30:57.585,8.79605,8.79985,1.07,1.00
2015.06.24 17:30:58.028,8.79605,8.79985,1.00,1.00
2015.06.24 17:30:58.599,8.79605,8.79985,1.45,1.00
2015.06.24 17:30:59.710,8.79605,8.79985,1.00,1.00
2015.06.24 17:30:59.927,8.79605,8.79985,1.07,1.00
2015.06.24 17:31:00.279,8.79605,8.79985,1.45,1.00
2015.06.24 17:31:00.978,8.79605,8.79985,1.00,1.00
2015.06.24 17:31:01.641,8.79605,8.79985,1.45,1.00
2015.06.24 17:31:02.529,8.79605,8.79985,1.00,1.00
2015.06.24 17:31:03.286,8.7963,8.80005,1.07,1.00
2015.06.24 17:31:05.088,8.7963,8.80005,1.45,1.00
2015.06.24 17:31:05.141,8.7963,8.8001,1.45,1.00
2015.06.24 17:31:06.471,8.7963,8.8001,1.00,1.00
2015.06.24 17:31:06.574,8.7965,8.80027,1.00,1.00
2015.06.24 17:31:06.899,8.7965,8.80003,1.00,1.12
2015.06.24 17:31:07.052,8.7965,8.80027,1.00,1.00
2015.06.24 17:31:07.204,8.7965,8.80027,1.07,1.00
2015.06.24 17:31:07.576,8.7965,8.80027,1.45,1.00
2015.06.24 17:31:08.250,8.7965,8.80027,1.00,1.00
2015.06.24 17:31:08.877,8.79635,8.80015,1.07,1.00
2015.06.24 17:31:10.528,8.79635,8.80015,1.00,1.00
2015.06.24 17:31:10.730,8.79635,8.80015,1.00,1.12
2015.06.24 17:31:11.037,8.79616,8.79979,1.00,1.07
2015.06.24 17:31:11.566,8.79601,8.79979,1.00,1.45
2015.06.24 17:31:11.768,8.79601,8.79979,1.07,1.07
2015.06.24 17:31:11.920,8.79601,8.79979,1.45,1.07
2015.06.24 17:31:12.222,8.79609,8.79979,1.12,1.00
2015.06.24 17:31:12.718,8.7962,8.79979,1.12,1.00
2015.06.24 17:31:12.971,8.79601,8.79979,1.37,1.00
2015.06.24 17:31:14.245,8.79602,8.79979,1.12,1.00
2015.06.24 17:31:14.511,8.79601,8.79979,1.37,1.00
2015.06.24 17:31:15.374,8.79594,8.79974,1.45,1.00
2015.06.24 17:31:24.277,8.79594,8.79974,1.00,1.07
2015.06.24 17:31:24.687,8.79594,8.79974,1.00,1.75
2015.06.24 17:31:24.740,8.79594,8.79974,1.00,1.07
2015.06.24 17:31:25.224,8.79594,8.79974,1.07,1.07
2015.06.24 17:31:25.536,8.79582,8.79953,1.12,1.00
2015.06.24 17:31:27.028,8.79573,8.79953,1.07,1.00
2015.06.24 17:31:27.129,8.79573,8.79936,1.07,1.00
2015.06.24 17:31:27.445,8.79573,8.79936,1.00,1.75
2015.06.24 17:31:27.496,8.79554,8.79934,1.12,1.00
2015.06.24 17:31:29.486,8.79537,8.79917,1.07,1.00
2015.06.24 17:31:34.988,8.79537,8.79917,1.07,1.00
2015.06.24 17:31:35.241,8.79537,8.79917,1.07,1.07
2015.06.24 17:31:35.920,8.79527,8.79907,1.82,1.37
2015.06.24 17:31:36.338,8.79527,8.79907,1.07,1.37
2015.06.24 17:31:37.848,8.79545,8.79921,1.00,1.87
2015.06.24 17:31:39.460,8.79545,8.79921,1.12,1.37
2015.06.24 17:31:39.788,8.79545,8.79921,1.37,1.00
2015.06.24 17:31:39.890,8.79545,8.79912,1.37,1.00
2015.06.24 17:31:40.234,8.79545,8.79912,1.00,1.45
2015.06.24 17:31:40.937,8.79524,8.79904,1.45,1.37
2015.06.24 17:31:41.416,8.79542,8.79912,1.00,1.45
2015.06.24 17:31:44.820,8.79523,8.79903,1.45,1.37
2015.06.24 17:31:56.765,8.79542,8.79911,1.00,1.45
2015.06.24 17:32:14.399,8.79523,8.79903,1.45,1.37
2015.06.24 17:32:14.789,8.79523,8.79903,1.45,1.00
2015.06.24 17:32:15.291,8.79538,8.79911,1.00,1.00
2015.06.24 17:32:15.692,8.79538,8.79918,1.00,1.57
2015.06.24 17:32:21.792,8.79538,8.79912,1.00,1.45
2015.06.24 17:32:25.561,8.79538,8.79912,1.00,1.00
2015.06.24 17:32:34.393,8.79538,8.79916,1.00,1.10
2015.06.24 17:32:44.670,8.79538,8.79918,1.75,1.07
2015.06.24 17:32:45.861,8.79538,8.79918,1.00,1.07
2015.06.24 17:32:51.660,8.79538,8.79918,1.75,1.07
2015.06.24 17:32:52.504,8.79538,8.79918,1.00,1.07
2015.06.24 17:32:57.752,8.79538,8.79918,1.75,1.07
2015.06.24 17:33:00.940,8.79538,8.79918,1.00,1.07
2015.06.24 17:33:01.915,8.79555,8.79927,1.00,1.07
2015.06.24 17:33:02.446,8.79555,8.79927,1.75,1.07
2015.06.24 17:33:02.665,8.79572,8.79952,1.37,1.07
2015.06.24 17:33:02.716,8.79572,8.79952,1.37,1.00
2015.06.24 17:33:02.768,8.79589,8.79967,1.10,1.00
2015.06.24 17:33:03.237,8.7959,8.79967,1.00,1.07
2015.06.24 17:33:03.589,8.7961,8.79967,1.00,1.07
2015.06.24 17:33:04.164,8.7961,8.79967,1.00,1.00
2015.06.24 17:33:04.384,8.7961,8.79967,1.37,1.00
2015.06.24 17:33:05.359,8.7961,8.7999,1.37,1.07
2015.06.24 17:33:15.306,8.79598,8.79975,1.12,1.00
2015.06.24 17:33:24.524,8.79615,8.79995,1.37,1.07
2015.06.24 17:33:31.954,8.79604,8.79976,1.82,1.00
2015.06.24 17:33:32.407,8.79613,8.79993,1.37,1.07
2015.06.24 17:33:35.312,8.79604,8.79981,1.82,1.00
2015.06.24 17:33:45.630,8.79617,8.79993,1.37,1.07
2015.06.24 17:34:15.300,8.79599,8.79979,1.87,1.00
2015.06.24 17:34:35.328,8.79602,8.79976,1.20,1.00
2015.06.24 17:34:55.503,8.79597,8.79977,1.95,1.00
2015.06.24 17:35:15.378,8.79598,8.79978,1.45,1.00
2015.06.24 17:35:23.983,8.79598,8.79978,1.15,1.00
2015.06.24 17:35:24.374,8.79614,8.79991,1.00,1.07
2015.06.24 17:35:27.341,8.79598,8.79978,1.07,1.00
2015.06.24 17:35:32.707,8.79581,8.79961,1.95,1.00
2015.06.24 17:35:39.569,8.79587,8.79961,1.12,1.00
2015.06.24 17:35:46.652,8.79601,8.79981,1.45,1.00
2015.06.24 17:35:49.794,8.79592,8.79962,1.12,1.00
2015.06.24 17:35:50.049,8.79589,8.79962,1.20,1.00
2015.06.24 17:35:50.100,8.79586,8.79962,1.12,1.00
2015.06.24 17:36:15.329,8.79581,8.79961,1.82,1.00
2015.06.24 17:36:25.339,8.79598,8.79977,1.07,1.00
2015.06.24 17:36:25.516,8.7958,8.7996,1.95,1.00
2015.06.24 17:36:26.747,8.79597,8.79977,1.07,1.50
2015.06.24 17:36:31.533,8.7958,8.7996,1.95,1.00
2015.06.24 17:36:35.372,8.79585,8.79965,1.50,1.00
2015.06.24 17:36:43.590,8.79614,8.79965,1.00,1.00
2015.06.24 17:36:45.339,8.79623,8.79965,1.00,1.00
2015.06.24 17:36:46.474,8.79614,8.79965,1.00,1.00
2015.06.24 17:36:48.460,8.79614,8.79976,1.00,1.00
2015.06.24 17:36:50.893,8.79614,8.79982,1.00,1.00
2015.06.24 17:36:50.948,8.79604,8.79982,1.00,1.00
2015.06.24 17:36:51.607,8.79604,8.79982,1.37,1.00
2015.06.24 17:36:51.911,8.79623,8.8,1.00,1.37
2015.06.24 17:36:55.607,8.79616,8.79996,1.00,1.07
2015.06.24 17:37:04.358,8.79634,8.79997,1.00,1.12
2015.06.24 17:37:04.759,8.79634,8.79997,1.10,1.07
2015.06.24 17:37:12.171,8.79612,8.79992,1.37,1.85
2015.06.24 17:37:12.222,8.79612,8.79952,1.00,1.12
2015.06.24 17:37:12.578,8.79612,8.79992,1.07,1.07
2015.06.24 17:37:17.910,8.79634,8.79987,1.00,1.07
2015.06.24 17:37:18.129,8.79614,8.79987,1.07,1.07
2015.06.24 17:37:23.519,8.79624,8.79997,1.82,1.37
2015.06.24 17:37:23.621,8.79624,8.79997,1.45,1.37
2015.06.24 17:37:23.883,8.79624,8.80004,1.82,1.37
2015.06.24 17:37:24.844,8.79624,8.80004,1.45,1.37
2015.06.24 17:37:25.715,8.79624,8.80004,1.07,1.37
2015.06.24 17:37:26.710,8.79626,8.79996,1.00,1.12
2015.06.24 17:37:27.131,8.79646,8.79972,1.00,1.12
2015.06.24 17:37:27.441,8.79663,8.79971,1.00,1.12
2015.06.24 17:37:27.849,8.79663,8.80005,1.00,1.87
2015.06.24 17:37:28.001,8.79664,8.79985,1.00,1.12
2015.06.24 17:37:28.418,8.79664,8.79988,1.00,1.12
2015.06.24 17:37:28.520,8.79664,8.79994,1.00,1.12
2015.06.24 17:37:30.027,8.79664,8.80013,1.00,1.12
2015.06.24 17:37:30.482,8.7968,8.8004,1.00,1.00
2015.06.24 17:37:30.634,8.7968,8.8004,1.00,1.07
2015.06.24 17:37:30.940,8.7968,8.8004,1.00,1.82
2015.06.24 17:37:32.006,8.7968,8.8004,1.00,1.07
2015.06.24 17:37:32.482,8.7968,8.8004,1.07,1.00
2015.06.24 17:37:32.786,8.79683,8.8004,1.12,1.00
2015.06.24 17:37:33.168,8.7968,8.8004,1.47,1.47
2015.06.24 17:37:33.725,8.7968,8.80031,1.37,1.12
2015.06.24 17:37:34.027,8.7968,8.8004,1.07,1.87
2015.06.24 17:37:35.346,8.7968,8.80009,1.00,1.12
2015.06.24 17:37:35.397,8.79674,8.80009,1.00,1.12
2015.06.24 17:37:35.746,8.79674,8.80021,1.00,1.12
2015.06.24 17:37:35.999,8.79674,8.80003,1.00,1.12
2015.06.24 17:37:36.400,8.79674,8.8,1.00,1.12
2015.06.24 17:37:37.162,8.79674,8.80012,1.00,1.12
2015.06.24 17:37:37.978,8.79674,8.80015,1.00,1.12
2015.06.24 17:37:38.301,8.79674,8.80032,1.00,1.12
2015.06.24 17:37:39.271,8.79674,8.80039,1.00,1.12
2015.06.24 17:37:39.473,8.79674,8.80043,1.37,1.75
2015.06.24 17:37:39.524,8.79683,8.80043,1.12,1.00
2015.06.24 17:37:39.676,8.79674,8.80043,1.82,1.07
2015.06.24 17:37:39.937,8.79681,8.80043,1.12,1.00
2015.06.24 17:37:40.349,8.79681,8.80054,1.12,1.00
2015.06.24 17:37:40.451,8.79674,8.80054,1.75,1.75
2015.06.24 17:37:40.502,8.79674,8.80025,1.00,1.12
2015.06.24 17:37:40.900,8.7968,8.80059,1.45,1.00
2015.06.24 17:37:41.002,8.7968,8.80059,1.37,1.75
2015.06.24 17:37:41.053,8.7968,8.80018,1.00,1.12
2015.06.24 17:37:41.209,8.79684,8.80017,1.00,1.12
2015.06.24 17:37:41.465,8.79695,8.8004,1.00,1.12
2015.06.24 17:37:42.474,8.79711,8.80055,1.00,1.12
2015.06.24 17:37:43.617,8.79734,8.8007,1.50,1.12
2015.06.24 17:37:44.313,8.79734,8.80076,1.50,1.12
2015.06.24 17:37:44.895,8.79707,8.80082,1.00,1.12
2015.06.24 17:37:45.403,8.79747,8.80082,1.00,1.12
2015.06.24 17:37:45.606,8.79747,8.80105,1.00,1.12
2015.06.24 17:37:46.000,8.79763,8.80136,1.00,1.12
2015.06.24 17:37:46.504,8.79785,8.80136,1.00,1.12
2015.06.24 17:37:46.811,8.79785,8.80136,1.75,1.07
2015.06.24 17:37:47.168,8.79785,8.80165,1.82,1.75
2015.06.24 17:37:47.219,8.79791,8.80165,1.20,1.00
2015.06.24 17:37:48.635,8.79784,8.80161,1.12,1.00
2015.06.24 17:37:48.969,8.79776,8.80139,1.00,1.12
2015.06.24 17:37:49.409,8.79776,8.80149,1.00,1.12
2015.06.24 17:37:49.970,8.79776,8.80156,1.00,1.37
2015.06.24 17:37:50.330,8.79776,8.80156,1.00,1.00
2015.06.24 17:37:51.279,8.79776,8.80156,1.07,1.00
2015.06.24 17:37:51.684,8.79782,8.80156,1.12,1.00
2015.06.24 17:37:52.278,8.79792,8.80174,1.45,1.00
2015.06.24 17:37:52.431,8.79792,8.80174,1.37,1.75
2015.06.24 17:37:52.532,8.79792,8.80155,1.00,1.12
2015.06.24 17:37:52.741,8.79792,8.80174,1.45,1.00
2015.06.24 17:37:52.999,8.79792,8.80174,1.37,1.75
2015.06.24 17:37:53.050,8.79792,8.80155,1.00,1.12
2015.06.24 17:37:53.273,8.79792,8.80174,1.45,1.00
2015.06.24 17:37:54.220,8.79808,8.80175,1.07,1.75
2015.06.24 17:37:54.544,8.79808,8.80108,1.00,1.12
2015.06.24 17:37:54.849,8.79808,8.80139,1.00,1.12
2015.06.24 17:37:55.052,8.79808,8.80155,1.00,1.12
2015.06.24 17:37:55.834,8.79785,8.80155,1.00,1.12
2015.06.24 17:37:56.253,8.79785,8.80165,1.00,1.45
2015.06.24 17:37:56.460,8.79785,8.80165,1.00,1.07
2015.06.24 17:37:57.371,8.79785,8.80159,1.00,1.00
2015.06.24 17:37:57.575,8.79785,8.80159,1.07,1.00
2015.06.24 17:37:57.880,8.79785,8.80159,1.75,1.00
2015.06.24 17:37:57.989,8.79785,8.80159,1.45,1.00
2015.06.24 17:38:02.864,8.79785,8.80155,1.45,1.00
2015.06.24 17:38:03.067,8.79764,8.80142,1.00,1.12
2015.06.24 17:38:03.169,8.79756,8.80136,1.00,1.57
2015.06.24 17:38:03.221,8.79756,8.80122,1.00,1.12
2015.06.24 17:38:03.525,8.79762,8.80089,1.00,1.12
2015.06.24 17:38:04.447,8.79762,8.80142,1.00,1.82
2015.06.24 17:38:04.498,8.79762,8.80142,1.00,1.82
2015.06.24 17:38:05.847,8.79762,8.80142,1.00,1.07
2015.06.24 17:38:06.815,8.79762,8.80142,1.00,1.00
2015.06.24 17:38:07.442,8.79779,8.80155,1.00,1.00
2015.06.24 17:38:08.120,8.79779,8.80159,1.00,1.00
2015.06.24 17:38:08.577,8.79779,8.80159,1.37,1.00
2015.06.24 17:38:08.950,8.79781,8.80159,1.12,1.00
2015.06.24 17:38:09.567,8.79779,8.80159,1.00,1.07
2015.06.24 17:38:10.033,8.79779,8.80159,1.00,1.45
2015.06.24 17:38:10.337,8.79784,8.80161,1.00,1.45
2015.06.24 17:38:10.539,8.79784,8.80161,1.00,1.07
2015.06.24 17:38:11.304,8.79784,8.80161,1.00,1.07
2015.06.24 17:38:11.356,8.79788,8.80161,1.00,1.07
2015.06.24 17:38:11.662,8.79808,8.80161,1.00,1.07
2015.06.24 17:38:12.255,8.79825,8.80161,1.00,1.00
2015.06.24 17:38:14.078,8.79841,8.80205,1.00,1.00
2015.06.24 17:38:14.638,8.79841,8.80205,1.37,1.00
2015.06.24 17:38:15.304,8.79872,8.80237,1.12,1.00
2015.06.24 17:38:15.833,8.79857,8.80237,1.37,1.00
2015.06.24 17:38:16.565,8.79857,8.80237,1.75,1.00
2015.06.24 17:38:17.269,8.79857,8.80237,1.00,1.00
2015.06.24 17:38:17.904,8.79841,8.80221,1.07,1.00
2015.06.24 17:38:26.524,8.79858,8.80228,1.00,1.00
2015.06.24 17:38:27.291,8.79858,8.80237,1.00,1.00
2015.06.24 17:38:27.494,8.79874,8.80237,1.00,1.00
2015.06.24 17:38:27.802,8.79897,8.80237,1.00,1.00
2015.06.24 17:38:28.314,8.7988,8.80237,1.00,1.00
2015.06.24 17:38:28.415,8.7988,8.80237,1.07,1.00
2015.06.24 17:38:28.733,8.7988,8.80237,1.45,1.00
2015.06.24 17:38:29.380,8.79906,8.80237,1.00,1.00
2015.06.24 17:38:29.432,8.79906,8.80272,1.75,1.00
2015.06.24 17:38:29.737,8.79906,8.80272,1.75,1.00
2015.06.24 17:38:30.689,8.79906,8.80272,1.75,1.00
2015.06.24 17:38:31.218,8.79906,8.80272,1.75,1.07
2015.06.24 17:38:31.998,8.79906,8.80272,1.00,1.07
2015.06.24 17:38:32.050,8.79906,8.80272,1.75,1.07
2015.06.24 17:38:32.384,8.79923,8.80272,1.00,1.00
2015.06.24 17:38:32.900,8.79896,8.80272,1.00,1.07
2015.06.24 17:38:33.307,8.79896,8.80272,1.00,1.00
2015.06.24 17:38:33.358,8.79896,8.80272,1.75,1.00
2015.06.24 17:38:33.662,8.79896,8.80272,1.82,1.00
2015.06.24 17:38:34.301,8.79912,8.80272,1.75,1.00
2015.06.24 17:38:34.453,8.79912,8.80272,1.00,1.00
2015.06.24 17:38:34.504,8.79912,8.80281,1.00,1.00
2015.06.24 17:38:34.555,8.79912,8.80281,1.37,1.00
2015.06.24 17:38:34.860,8.79933,8.80281,1.20,1.00
2015.06.24 17:38:35.963,8.79912,8.80281,1.82,1.00
2015.06.24 17:38:36.016,8.79927,8.80281,1.00,1.00
2015.06.24 17:38:36.322,8.79907,8.80281,1.07,1.00
2015.06.24 17:38:37.005,8.79928,8.80281,1.00,1.00
2015.06.24 17:38:37.310,8.79933,8.80281,1.00,1.00
2015.06.24 17:38:37.620,8.79933,8.80281,1.00,1.07
2015.06.24 17:38:38.514,8.79933,8.80281,1.00,1.00
2015.06.24 17:38:38.819,8.79933,8.80281,1.00,1.07
2015.06.24 17:38:39.510,8.7995,8.80281,1.00,1.07
2015.06.24 17:38:40.031,8.7995,8.80278,1.00,1.60
2015.06.24 17:38:40.184,8.79894,8.80186,1.00,1.00
2015.06.24 17:38:40.235,8.79875,8.80186,1.00,1.00
2015.06.24 17:38:40.286,8.7987,8.80186,1.00,1.00
2015.06.24 17:38:40.439,8.79893,8.80186,1.00,1.00
2015.06.24 17:38:41.134,8.79893,8.80111,1.00,1.00
2015.06.24 17:38:41.185,8.79867,8.80111,1.00,1.00
2015.06.24 17:38:41.287,8.79847,8.80111,1.00,1.00
2015.06.24 17:38:42.618,8.79847,8.80183,1.00,1.00
2015.06.24 17:38:43.199,8.79847,8.80183,1.00,1.07
2015.06.24 17:38:43.250,8.79825,8.80183,1.00,1.45
2015.06.24 17:38:43.301,8.79821,8.80183,1.00,1.45
2015.06.24 17:38:43.747,8.79821,8.80122,1.00,1.00
2015.06.24 17:38:44.096,8.79838,8.80122,1.00,1.00
2015.06.24 17:38:44.662,8.79838,8.80111,1.00,1.00
2015.06.24 17:38:45.007,8.7982,8.80111,1.00,1.00
2015.06.24 17:38:48.209,8.79839,8.80111,1.00,1.00
2015.06.24 17:38:49.417,8.79839,8.80179,1.00,1.07
2015.06.24 17:38:49.519,8.79839,8.80179,1.00,1.45
2015.06.24 17:38:49.824,8.79821,8.8017,1.00,1.12
2015.06.24 17:38:50.240,8.79821,8.80131,1.00,1.00
2015.06.24 17:38:51.361,8.79839,8.80165,1.00,1.45
2015.06.24 17:38:51.697,8.79839,8.80165,1.00,1.00
2015.06.24 17:38:52.306,8.79839,8.8012,1.00,1.00
2015.06.24 17:38:52.646,8.79839,8.80176,1.00,1.00
2015.06.24 17:38:53.192,8.79839,8.80158,1.00,1.00
2015.06.24 17:38:54.093,8.79839,8.80111,1.00,1.00
2015.06.24 17:38:55.343,8.79831,8.80111,1.00,1.00
2015.06.24 17:39:00.318,8.79831,8.80182,1.60,1.00
2015.06.24 17:39:00.369,8.79884,8.80182,1.00,1.00
2015.06.24 17:39:00.420,8.79884,8.80186,1.00,1.00
2015.06.24 17:39:01.177,8.79884,8.80186,1.47,1.00
2015.06.24 17:39:01.495,8.79889,8.80186,1.12,1.00
2015.06.24 17:39:02.537,8.79889,8.80163,1.12,1.00
2015.06.24 17:39:15.566,8.79903,8.80163,1.12,1.00
2015.06.24 17:39:15.945,8.79913,8.80163,1.12,1.00
2015.06.24 17:39:16.847,8.79889,8.80163,1.12,1.00
2015.06.24 17:39:29.555,8.79893,8.80163,1.12,1.00
2015.06.24 17:39:30.100,8.79889,8.80163,1.12,1.00
2015.06.24 17:39:40.896,8.79954,8.80163,1.00,1.00
2015.06.24 17:39:41.388,8.79944,8.80163,1.00,1.00
2015.06.24 17:39:41.817,8.79934,8.80163,1.00,1.00
2015.06.24 17:39:42.669,8.79924,8.80163,1.00,1.00
2015.06.24 17:39:42.822,8.79944,8.80163,1.00,1.00
2015.06.24 17:39:43.361,8.79934,8.80163,1.00,1.00
2015.06.24 17:39:46.435,8.79894,8.80163,1.37,1.00
2015.06.24 17:39:49.604,8.79904,8.80163,1.07,1.00
2015.06.24 17:39:51.094,8.79904,8.80163,1.37,1.00
2015.06.24 17:39:57.139,8.79884,8.80163,1.82,1.00
2015.06.24 17:39:57.542,8.79889,8.80163,1.12,1.00
2015.06.24 17:39:58.283,8.79894,8.80163,1.82,1.00
2015.06.24 17:40:03.362,8.79894,8.80186,1.82,1.00
2015.06.24 17:40:06.430,8.79908,8.80186,1.12,1.00
2015.06.24 17:40:06.930,8.79917,8.80186,1.12,1.00
2015.06.24 17:40:09.591,8.79889,8.80186,1.12,1.00
2015.06.24 17:40:10.215,8.79884,8.80186,2.32,1.07
2015.06.24 17:40:10.538,8.79904,8.80186,1.37,1.00
2015.06.24 17:40:18.568,8.79894,8.80186,1.82,1.00
2015.06.24 17:40:22.238,8.79904,8.80186,1.75,1.00
2015.06.24 17:40:22.576,8.79913,8.80186,1.12,1.00
2015.06.24 17:40:23.593,8.79904,8.80186,1.37,1.00
2015.06.24 17:40:31.221,8.79884,8.80186,1.00,1.00
2015.06.24 17:40:31.474,8.79884,8.80186,1.00,1.07
2015.06.24 17:40:31.816,8.79884,8.80186,1.82,1.10
2015.06.24 17:40:32.476,8.79883,8.80177,1.82,1.00
2015.06.24 17:40:33.187,8.79884,8.80186,1.82,1.10
2015.06.24 17:40:34.997,8.79884,8.80176,1.82,1.00
2015.06.24 17:40:48.392,8.79884,8.80176,1.07,1.07
2015.06.24 17:40:55.121,8.79884,8.80186,1.82,1.57
2015.06.24 17:40:55.425,8.79884,8.80176,1.00,1.07
2015.06.24 17:40:58.348,8.79884,8.80186,1.07,1.75
2015.06.24 17:40:58.399,8.79884,8.80186,1.82,1.07
2015.06.24 17:40:58.502,8.79884,8.80186,1.00,1.07
2015.06.24 17:40:58.691,8.79884,8.80186,1.07,1.07
2015.06.24 17:40:59.197,8.79884,8.80176,1.82,1.00
2015.06.24 17:40:59.249,8.79884,8.80176,1.07,1.07
2015.06.24 17:41:01.262,8.79884,8.80166,1.00,1.12
2015.06.24 17:41:01.506,8.79884,8.80166,1.00,1.07
2015.06.24 17:41:03.367,8.79884,8.80186,1.10,1.07
2015.06.24 17:41:08.284,8.79884,8.80176,1.00,1.45
2015.06.24 17:41:08.634,8.79884,8.80157,1.00,1.12
2015.06.24 17:41:34.336,8.79894,8.80157,1.00,1.12
2015.06.24 17:41:34.489,8.79894,8.80161,1.00,1.07
2015.06.24 17:41:34.591,8.79894,8.80161,1.07,1.00
2015.06.24 17:41:34.796,8.79894,8.80161,1.82,1.00
2015.06.24 17:41:35.550,8.79884,8.80161,1.00,1.10
2015.06.24 17:41:36.106,8.79893,8.80161,1.00,1.10
2015.06.24 17:41:36.417,8.79893,8.80161,1.12,1.00
2015.06.24 17:41:36.621,8.79893,8.80186,1.82,1.00
2015.06.24 17:41:39.781,8.79894,8.80202,1.42,1.07
2015.06.24 17:41:39.833,8.79923,8.80239,1.12,1.00
2015.06.24 17:41:45.694,8.79923,8.80251,1.12,1.00
2015.06.24 17:41:49.841,8.79924,8.80256,1.82,1.00
2015.06.24 17:41:52.346,8.79934,8.80275,1.37,1.00
2015.06.24 17:41:55.684,8.79924,8.80264,1.82,1.00
2015.06.24 17:42:02.588,8.79924,8.80265,1.82,1.00
2015.06.24 17:42:04.695,8.79924,8.80269,1.82,1.00
2015.06.24 17:42:05.995,8.79924,8.80266,1.82,1.00
2015.06.24 17:42:35.309,8.79914,8.80268,1.75,1.50
2015.06.24 17:42:53.180,8.79934,8.80274,1.37,1.00
2015.06.24 17:42:53.852,8.79936,8.80274,1.12,1.00
2015.06.24 17:42:54.178,8.79944,8.80274,1.75,1.00
2015.06.24 17:42:54.686,8.79947,8.80274,1.12,1.00
2015.06.24 17:42:56.942,8.79954,8.80274,1.45,1.00
2015.06.24 17:42:57.244,8.79974,8.80274,1.12,1.00
2015.06.24 17:42:57.456,8.7995,8.80274,1.12,1.00
2015.06.24 17:42:58.436,8.79953,8.80293,1.07,1.50
2015.06.24 17:42:58.951,8.79944,8.80293,1.47,1.50
2015.06.24 17:43:00.303,8.79966,8.80293,1.12,1.00
2015.06.24 17:43:10.875,8.79988,8.8031,1.20,1.00
2015.06.24 17:43:10.976,8.79997,8.8031,1.12,1.00
2015.06.24 17:43:12.970,8.79992,8.8031,1.12,1.00
2015.06.24 17:43:16.123,8.79992,8.80309,1.12,1.00
2015.06.24 17:43:18.425,8.79992,8.80309,1.12,1.00
2015.06.24 17:43:18.476,8.8001,8.80309,1.20,1.00
2015.06.24 17:43:22.743,8.80012,8.80316,1.20,1.00
2015.06.24 17:43:30.559,8.79991,8.80314,1.12,1.00
2015.06.24 17:43:34.181,8.80001,8.80314,1.20,1.00
2015.06.24 17:43:34.726,8.80006,8.80314,1.67,1.00
2015.06.24 17:43:35.197,8.80029,8.80314,1.12,1.00
2015.06.24 17:43:36.395,8.80034,8.80327,1.12,1.00
2015.06.24 17:43:36.487,8.80034,8.80362,1.12,1.48
2015.06.24 17:43:36.741,8.80046,8.80382,1.12,1.90
2015.06.24 17:43:37.628,8.80054,8.80403,2.32,1.00
2015.06.24 17:43:37.680,8.8007,8.80436,1.12,1.07
2015.06.24 17:43:37.945,8.80054,8.80436,1.95,1.37
2015.06.24 17:43:38.151,8.80064,8.80436,1.45,1.00
2015.06.24 17:43:38.791,8.80068,8.80436,1.12,1.00
2015.06.24 17:43:39.108,8.80084,8.80452,1.12,1.00
2015.06.24 17:43:39.160,8.80089,8.80456,1.45,1.50
2015.06.24 17:43:39.398,8.80089,8.80469,1.45,1.00
2015.06.24 17:43:43.167,8.80108,8.80485,1.20,1.00
2015.06.24 17:43:44.321,8.80108,8.80488,1.82,1.50
2015.06.24 17:43:51.677,8.801,8.80471,1.20,1.00
2015.06.24 17:43:53.787,8.80111,8.80489,1.07,1.00
2015.06.24 17:43:57.268,8.80111,8.80487,1.07,1.00
2015.06.24 17:44:04.810,8.80111,8.80493,1.45,1.00
2015.06.24 17:44:05.007,8.80137,8.80501,1.00,1.07
2015.06.24 17:44:05.654,8.80137,8.80501,1.07,1.00
2015.06.24 17:44:10.352,8.8012,8.805,1.45,1.00
2015.06.24 17:44:11.053,8.8012,8.80496,1.45,1.00
2015.06.24 17:44:11.983,8.80108,8.80479,1.12,1.00
2015.06.24 17:44:14.494,8.80108,8.80458,1.12,1.00
2015.06.24 17:44:14.647,8.80089,8.80458,1.12,1.00
2015.06.24 17:44:14.698,8.80089,8.80458,1.12,1.00
2015.06.24 17:44:25.416,8.801,8.80481,1.20,1.00
2015.06.24 17:44:26.238,8.80127,8.80481,1.12,1.00
2015.06.24 17:44:26.624,8.80127,8.80486,1.12,1.00
2015.06.24 17:44:27.479,8.80127,8.80502,1.12,1.00
2015.06.24 17:44:30.145,8.80127,8.80484,1.12,1.00
2015.06.24 17:44:30.644,8.80127,8.80468,1.12,1.00
2015.06.24 17:44:35.401,8.80127,8.80474,1.12,1.00
2015.06.24 17:44:55.403,8.80127,8.80472,1.12,1.00
2015.06.24 17:44:55.707,8.80094,8.80432,1.47,1.07
2015.06.24 17:44:55.808,8.80094,8.8041,1.47,1.00
2015.06.24 17:44:58.156,8.80104,8.8041,1.00,1.37
2015.06.24 17:44:59.724,8.80094,8.8041,1.07,1.37
2015.06.24 17:45:00.313,8.80094,8.80393,1.07,1.00
2015.06.24 17:45:00.673,8.80064,8.80387,1.12,1.12
2015.06.24 17:45:21.583,8.80034,8.80386,1.37,1.12
2015.06.24 17:45:21.979,8.80034,8.80386,1.75,1.50
2015.06.24 17:45:22.233,8.80064,8.80386,1.45,1.00
2015.06.24 17:45:22.335,8.80064,8.80405,1.45,1.07
2015.06.24 17:45:41.983,8.80064,8.80405,1.82,1.07
2015.06.24 17:45:54.635,8.80064,8.80405,1.75,1.07
2015.06.24 17:46:08.403,8.80064,8.80404,1.82,1.07
2015.06.24 17:46:11.268,8.80064,8.80404,1.45,1.07
2015.06.24 17:46:15.652,8.80064,8.80405,1.45,1.00
2015.06.24 17:46:19.004,8.80064,8.80405,1.75,1.00
2015.06.24 17:46:19.352,8.80079,8.80405,1.12,1.00
2015.06.24 17:46:19.603,8.80074,8.80405,1.75,1.00
2015.06.24 17:46:20.498,8.80074,8.80405,1.45,1.00
2015.06.24 17:46:21.937,8.80074,8.80422,1.45,1.00
2015.06.24 17:46:35.254,8.80074,8.80436,1.45,1.07
2015.06.24 17:46:36.090,8.80078,8.80436,1.12,1.07
2015.06.24 17:46:45.605,8.80074,8.80436,1.12,1.07
2015.06.24 17:46:45.665,8.80123,8.80436,1.00,1.07
2015.06.24 17:46:46.489,8.80133,8.80437,1.00,1.07
2015.06.24 17:46:46.817,8.80124,8.80419,1.00,1.00
2015.06.24 17:46:47.255,8.80124,8.80419,1.00,1.37
2015.06.24 17:46:47.661,8.80064,8.8043,1.12,1.12
2015.06.24 17:46:47.712,8.80059,8.80405,1.75,1.12
2015.06.24 17:46:47.763,8.80059,8.80405,1.75,1.12
2015.06.24 17:46:48.258,8.80077,8.80377,1.00,1.12
2015.06.24 17:46:48.674,8.80077,8.80367,1.00,1.12
2015.06.24 17:46:49.468,8.80094,8.80367,1.00,1.12
2015.06.24 17:46:49.966,8.80072,8.80371,1.00,1.12
2015.06.24 17:46:50.219,8.80072,8.80361,1.00,1.12
2015.06.24 17:46:50.270,8.80054,8.80361,1.75,1.12
2015.06.24 17:46:50.752,8.80071,8.80361,1.00,1.12
2015.06.24 17:46:50.805,8.80071,8.80395,1.00,1.12
2015.06.24 17:46:51.461,8.80071,8.80394,1.00,1.12
2015.06.24 17:46:52.412,8.80071,8.80373,1.00,1.12
2015.06.24 17:46:52.726,8.80071,8.8038,1.00,1.12
2015.06.24 17:46:53.856,8.80071,8.80391,1.00,1.12
2015.06.24 17:46:54.141,8.80071,8.80391,1.00,1.12
2015.06.24 17:46:55.486,8.80071,8.80378,1.00,1.12
2015.06.24 17:46:56.955,8.80034,8.80317,1.00,1.12
2015.06.24 17:46:57.881,8.80034,8.80317,1.00,1.12
2015.06.24 17:46:58.559,8.80034,8.80312,1.00,1.12
2015.06.24 17:46:58.661,8.80034,8.80333,1.00,1.12
2015.06.24 17:46:58.712,8.80034,8.80348,1.00,1.12
2015.06.24 17:46:58.982,8.80034,8.80348,1.00,1.12
2015.06.24 17:46:59.753,8.80034,8.80323,1.00,1.12
2015.06.24 17:46:59.906,8.80034,8.80372,1.00,1.12
2015.06.24 17:47:00.113,8.80017,8.80372,1.50,1.12
2015.06.24 17:47:01.218,8.80017,8.80384,1.50,1.12
2015.06.24 17:47:01.425,8.80017,8.80396,1.57,1.12
2015.06.24 17:47:02.490,8.80022,8.80397,1.12,1.47
2015.06.24 17:47:02.976,8.80017,8.80372,1.50,1.12
2015.06.24 17:47:03.515,8.80017,8.80357,1.50,1.12
2015.06.24 17:47:03.819,8.80017,8.80325,1.50,1.12
2015.06.24 17:47:03.921,8.80017,8.80325,1.00,1.12
2015.06.24 17:47:04.075,8.80017,8.80291,1.00,1.12
2015.06.24 17:47:04.554,8.80017,8.80322,1.00,1.12
2015.06.24 17:47:05.174,8.80017,8.80324,1.00,1.12
2015.06.24 17:47:06.206,8.80017,8.80332,1.00,1.12
2015.06.24 17:47:06.484,8.80017,8.80342,1.00,1.12
2015.06.24 17:47:06.692,8.80017,8.80356,1.00,1.12
2015.06.24 17:47:06.743,8.80017,8.80372,1.00,1.12
2015.06.24 17:47:07.382,8.80017,8.80372,1.75,1.12
2015.06.24 17:47:07.686,8.80017,8.80378,1.75,1.12
2015.06.24 17:47:07.940,8.80017,8.80387,1.07,1.45
2015.06.24 17:47:08.930,8.79998,8.80338,1.75,1.12
2015.06.24 17:47:09.234,8.80014,8.80338,1.00,1.12
2015.06.24 17:47:09.542,8.80014,8.80311,1.00,1.12
2015.06.24 17:47:10.673,8.80014,8.80305,1.00,1.12
2015.06.24 17:47:10.912,8.80014,8.80348,1.00,1.12
2015.06.24 17:47:12.004,8.80014,8.8036,1.00,1.12
2015.06.24 17:47:12.206,8.80014,8.80372,1.00,1.12
2015.06.24 17:47:12.512,8.80014,8.80372,1.75,1.12
2015.06.24 17:47:13.435,8.80014,8.80384,1.75,1.12
2015.06.24 17:47:13.764,8.80014,8.80386,1.87,1.45
2015.06.24 17:47:14.417,8.80014,8.80361,1.85,1.12
2015.06.24 17:47:14.883,8.80014,8.80361,1.10,1.12
2015.06.24 17:47:14.934,8.79995,8.80361,1.12,1.12
2015.06.24 17:47:15.237,8.79995,8.80321,1.12,1.12
2015.06.24 17:47:15.541,8.79995,8.80291,1.12,1.12
2015.06.24 17:47:18.629,8.79975,8.80291,1.00,1.12
2015.06.24 17:47:19.323,8.79975,8.80298,1.00,1.12
2015.06.24 17:47:19.477,8.79975,8.80309,1.00,1.12
2015.06.24 17:47:20.182,8.79954,8.80309,1.50,1.12
2015.06.24 17:47:20.695,8.79954,8.80297,1.50,1.12
2015.06.24 17:47:20.747,8.79932,8.80297,1.75,1.12
2015.06.24 17:47:20.900,8.79932,8.80285,1.75,1.12
2015.06.24 17:47:21.103,8.79932,8.80285,1.75,1.12
2015.06.24 17:47:21.260,8.79955,8.80285,1.00,1.12
2015.06.24 17:47:21.702,8.79955,8.80285,1.50,1.12
2015.06.24 17:47:22.017,8.79935,8.80285,1.00,1.12
2015.06.24 17:47:22.068,8.79916,8.80285,1.75,1.12
2015.06.24 17:47:22.220,8.79916,8.80285,1.75,1.12
2015.06.24 17:47:22.807,8.79916,8.80285,1.00,1.12
2015.06.24 17:47:22.858,8.79934,8.80285,1.00,1.12
2015.06.24 17:47:23.164,8.79971,8.80285,1.00,1.12
2015.06.24 17:47:23.641,8.79971,8.80285,1.37,1.12
2015.06.24 17:47:24.211,8.79986,8.80285,1.75,1.12
2015.06.24 17:47:36.624,8.8001,8.80315,1.37,1.12
2015.06.24 17:47:37.205,8.8001,8.80285,1.37,1.12
2015.06.24 17:47:51.995,8.79991,8.80285,1.75,1.12
2015.06.24 17:47:53.552,8.80007,8.80321,1.75,1.12
2015.06.24 17:47:54.244,8.80007,8.80326,1.75,1.12
2015.06.24 17:47:54.720,8.80024,8.80326,1.00,1.12
2015.06.24 17:47:55.250,8.80031,8.80334,1.00,1.12
2015.06.24 17:47:55.402,8.80031,8.80334,1.75,1.12
2015.06.24 17:47:55.453,8.80031,8.80372,1.75,1.12
2015.06.24 17:47:55.999,8.80031,8.80333,1.75,1.12
2015.06.24 17:47:56.652,8.80031,8.80345,1.75,1.12
2015.06.24 17:47:57.003,8.80031,8.80384,1.85,1.37
2015.06.24 17:48:01.719,8.80012,8.8035,1.75,1.12
2015.06.24 17:48:02.471,8.8,8.80319,1.37,1.12
2015.06.24 17:48:03.057,8.8,8.80291,1.37,1.12
2015.06.24 17:48:04.789,8.79991,8.80291,1.75,1.12
2015.06.24 17:48:08.453,8.79991,8.80291,1.00,1.12
2015.06.24 17:48:12.566,8.79991,8.80339,1.00,1.12
2015.06.24 17:48:13.191,8.79991,8.80339,1.75,1.12
2015.06.24 17:48:15.348,8.80018,8.80376,1.75,1.12
2015.06.24 17:48:15.399,8.80038,8.80376,1.00,1.12
2015.06.24 17:48:15.553,8.80038,8.80412,1.00,1.12
2015.06.24 17:48:15.604,8.80058,8.80412,1.00,1.12
2015.06.24 17:48:15.930,8.80077,8.80412,1.00,1.12
2015.06.24 17:48:16.417,8.80094,8.80419,1.00,1.00
2015.06.24 17:48:16.469,8.80094,8.80456,1.00,1.47
2015.06.24 17:48:17.535,8.80094,8.80456,1.00,1.45
2015.06.24 17:48:17.687,8.80094,8.80456,1.00,1.07
2015.06.24 17:48:18.104,8.80094,8.80456,1.00,1.75
2015.06.24 17:48:18.924,8.80094,8.80446,1.00,1.07
2015.06.24 17:48:18.976,8.80094,8.80446,1.00,1.07
2015.06.24 17:48:19.475,8.80113,8.80446,1.00,1.07
2015.06.24 17:48:20.263,8.80113,8.80446,1.00,1.00
2015.06.24 17:48:20.799,8.80113,8.80456,1.00,1.07
2015.06.24 17:48:21.671,8.80113,8.80466,1.37,1.07
2015.06.24 17:48:21.723,8.80113,8.80466,1.37,1.00
2015.06.24 17:48:22.054,8.80113,8.80466,1.00,1.00
2015.06.24 17:48:22.155,8.80113,8.80462,1.00,1.00
2015.06.24 17:48:22.472,8.80122,8.80485,1.00,1.05
2015.06.24 17:48:22.523,8.80122,8.80485,1.00,1.05
2015.06.24 17:48:22.702,8.80122,8.8047,1.00,1.05
2015.06.24 17:48:24.331,8.80122,8.80449,1.00,1.00
2015.06.24 17:48:25.821,8.80122,8.80446,1.00,1.07
2015.06.24 17:48:26.000,8.80122,8.80446,1.00,1.07
2015.06.24 17:48:26.650,8.80122,8.80438,1.00,1.00
2015.06.24 17:48:26.701,8.80104,8.80438,1.00,1.00
2015.06.24 17:48:27.143,8.80104,8.80446,1.00,1.07
2015.06.24 17:48:27.245,8.80104,8.80446,1.00,1.00
2015.06.24 17:48:27.591,8.80121,8.80446,1.00,1.00
2015.06.24 17:48:28.382,8.80121,8.80467,1.00,1.07
2015.06.24 17:48:28.433,8.80104,8.80467,1.82,1.00
2015.06.24 17:48:28.980,8.80121,8.80467,1.00,1.00
2015.06.24 17:48:29.082,8.80121,8.80459,1.00,1.00
2015.06.24 17:48:29.386,8.80138,8.80486,1.00,1.67
2015.06.24 17:48:29.437,8.80138,8.80486,1.00,1.67
2015.06.24 17:48:29.631,8.80138,8.80486,1.00,1.97
2015.06.24 17:48:30.442,8.80138,8.80465,1.00,1.05
2015.06.24 17:48:30.902,8.80119,8.80448,1.00,1.07
2015.06.24 17:48:31.403,8.80119,8.8044,1.00,1.07
2015.06.24 17:48:31.741,8.80119,8.8044,1.00,1.07
2015.06.24 17:48:33.040,8.80121,8.80446,1.00,1.07
2015.06.24 17:48:33.091,8.80121,8.80446,1.00,1.00
2015.06.24 17:48:33.516,8.80104,8.80456,1.00,1.00
2015.06.24 17:48:34.126,8.80104,8.80476,1.00,1.07
2015.06.24 17:48:34.177,8.80104,8.80476,1.82,1.07
2015.06.24 17:48:34.738,8.80104,8.80476,1.00,1.45
2015.06.24 17:48:34.957,8.80122,8.80457,1.00,1.07
2015.06.24 17:48:35.416,8.80122,8.80466,1.00,1.05
2015.06.24 17:48:35.743,8.80122,8.80466,1.00,1.35
2015.06.24 17:48:36.233,8.80122,8.8047,1.00,1.05
2015.06.24 17:48:36.857,8.80103,8.80448,1.00,1.07
2015.06.24 17:48:37.267,8.80103,8.80439,1.00,1.00
2015.06.24 17:48:38.437,8.80103,8.80436,1.00,1.00
2015.06.24 17:48:38.589,8.80103,8.80446,1.00,1.00
2015.06.24 17:48:39.339,8.80103,8.80456,1.00,1.00
2015.06.24 17:48:39.727,8.80103,8.80428,1.00,1.00
2015.06.24 17:48:40.194,8.80103,8.80456,1.00,1.00
2015.06.24 17:48:40.245,8.80103,8.80476,1.82,1.07
2015.06.24 17:48:40.593,8.80103,8.80458,1.82,1.00
2015.06.24 17:48:40.644,8.80103,8.80458,1.00,1.00
2015.06.24 17:48:40.830,8.80103,8.80476,1.00,1.42
2015.06.24 17:48:40.932,8.8012,8.80486,1.00,1.67
2015.06.24 17:48:41.245,8.8012,8.80476,1.00,1.05
2015.06.24 17:48:41.807,8.8012,8.80476,1.00,1.35
2015.06.24 17:48:42.140,8.80101,8.80429,1.00,1.00
2015.06.24 17:48:42.931,8.80101,8.80474,1.10,1.45
2015.06.24 17:48:42.982,8.80101,8.80474,1.82,1.45
2015.06.24 17:48:44.059,8.80081,8.80375,1.00,1.12
2015.06.24 17:48:44.111,8.79995,8.80375,1.00,1.12
2015.06.24 17:48:44.162,8.80014,8.80392,1.07,1.07
2015.06.24 17:48:44.265,8.80035,8.80415,1.00,1.45
2015.06.24 17:48:45.785,8.80014,8.80393,1.82,1.07
2015.06.24 17:48:45.939,8.80014,8.80393,1.75,1.45
2015.06.24 17:48:46.142,8.80014,8.80393,1.75,1.45
2015.06.24 17:48:46.503,8.80014,8.80385,1.75,1.12
2015.06.24 17:48:46.706,8.80014,8.8039,1.75,1.12
2015.06.24 17:48:47.912,8.80014,8.80393,1.75,1.45
2015.06.24 17:48:49.255,8.80014,8.80393,1.75,1.45
2015.06.24 17:48:49.458,8.80029,8.80409,1.07,2.25
2015.06.24 17:48:55.292,8.80033,8.80413,1.00,1.75
2015.06.24 17:48:55.931,8.80033,8.80399,1.00,1.12
2015.06.24 17:48:55.982,8.80013,8.80395,1.75,1.50
2015.06.24 17:48:56.033,8.80013,8.80367,1.75,1.12
2015.06.24 17:48:56.471,8.80013,8.80367,1.00,1.12
2015.06.24 17:48:57.392,8.80013,8.80359,1.00,1.12
2015.06.24 17:48:57.690,8.80013,8.80363,1.00,1.12
2015.06.24 17:48:57.855,8.80013,8.80363,1.75,1.12
2015.06.24 17:48:58.955,8.79994,8.8035,1.75,1.12
2015.06.24 17:49:00.382,8.79994,8.8035,1.75,1.12
2015.06.24 17:49:00.760,8.79994,8.8037,1.75,1.12
2015.06.24 17:49:00.811,8.79994,8.80376,1.75,1.50
2015.06.24 17:49:14.413,8.79986,8.80353,1.75,1.12
2015.06.24 17:49:22.206,8.79997,8.80353,1.75,1.12
2015.06.24 17:49:27.161,8.7998,8.80353,1.75,1.12
2015.06.24 17:49:34.919,8.7999,8.80353,1.00,1.12
2015.06.24 17:49:35.925,8.79973,8.80353,1.75,1.87
2015.06.24 17:49:41.346,8.79973,8.80353,1.75,1.87
2015.06.24 17:49:45.011,8.7998,8.80353,1.75,1.12
2015.06.24 17:49:45.525,8.7998,8.80353,1.75,1.12
2015.06.24 17:49:45.729,8.7998,8.80353,1.75,1.12
2015.06.24 17:49:45.830,8.7998,8.80353,1.75,1.12
2015.06.24 17:49:49.158,8.7998,8.8036,1.75,1.75
2015.06.24 17:49:49.209,8.7998,8.8036,1.75,1.45
2015.06.24 17:49:56.419,8.79997,8.80353,1.75,1.12
2015.06.24 17:49:57.534,8.79976,8.80353,1.35,1.87
2015.06.24 17:49:57.818,8.79977,8.80353,1.35,1.87
2015.06.24 17:50:03.058,8.79977,8.8035,1.35,1.75
2015.06.24 17:50:09.436,8.7997,8.80346,1.35,1.12
2015.06.24 17:50:10.320,8.79968,8.80303,1.75,1.12
2015.06.24 17:50:10.499,8.79971,8.80318,1.35,1.12
2015.06.24 17:50:11.172,8.79971,8.80303,1.35,1.12
2015.06.24 17:50:12.750,8.79971,8.80319,1.35,1.12
2015.06.24 17:50:21.134,8.79975,8.80319,1.35,1.12
2015.06.24 17:50:21.236,8.79966,8.80319,1.60,1.12
2015.06.24 17:50:21.338,8.79966,8.80319,1.60,1.12
2015.06.24 17:50:22.064,8.79966,8.80319,1.60,1.12
2015.06.24 17:50:22.552,8.79975,8.80319,1.35,1.12
2015.06.24 17:50:22.892,8.79982,8.80319,1.75,1.12
2015.06.24 17:50:23.958,8.79982,8.80319,1.75,1.12
2015.06.24 17:50:24.430,8.79982,8.80319,1.75,1.12
2015.06.24 17:50:26.660,8.79975,8.80319,1.35,1.12
2015.06.24 17:50:32.734,8.79987,8.80357,1.37,1.12
2015.06.24 17:50:33.181,8.80006,8.80357,1.75,1.12
2015.06.24 17:50:34.069,8.80006,8.80327,1.75,1.12
2015.06.24 17:50:35.744,8.80006,8.80357,1.75,1.12
2015.06.24 17:50:36.163,8.79988,8.80322,1.75,1.12
2015.06.24 17:50:42.356,8.79996,8.80348,1.75,1.12
2015.06.24 17:50:42.759,8.80013,8.80379,1.75,1.12
2015.06.24 17:50:43.490,8.80011,8.80375,1.60,1.12
2015.06.24 17:50:43.762,8.80011,8.80341,1.60,1.12
2015.06.24 17:50:44.278,8.80011,8.80341,1.00,1.12
2015.06.24 17:50:45.221,8.80011,8.80343,1.75,1.12
2015.06.24 17:50:46.583,8.80012,8.80354,1.35,1.12
2015.06.24 17:50:46.638,8.80024,8.80354,2.47,1.12
2015.06.24 17:50:46.689,8.80024,8.80367,2.47,1.12
2015.06.24 17:50:47.268,8.80031,8.80367,2.10,1.12
2015.06.24 17:50:47.481,8.80031,8.80391,2.10,1.45
2015.06.24 17:50:48.054,8.80073,8.80397,2.10,1.12
2015.06.24 17:50:48.376,8.80073,8.80375,2.10,1.12
2015.06.24 17:50:48.670,8.80073,8.80395,2.10,1.12
2015.06.24 17:50:49.072,8.80034,8.80395,1.35,1.12
2015.06.24 17:50:49.123,8.80027,8.80395,1.60,1.12
2015.06.24 17:50:49.175,8.80053,8.80395,1.00,1.12
2015.06.24 17:50:49.790,8.80053,8.80393,1.00,1.12
2015.06.24 17:50:50.176,8.80034,8.80393,1.00,1.12
2015.06.24 17:50:50.769,8.80071,8.80394,2.10,1.12
2015.06.24 17:50:51.369,8.80078,8.80414,2.10,1.07
2015.06.24 17:50:51.662,8.80078,8.80403,2.10,1.12
2015.06.24 17:50:51.780,8.8005,8.80403,1.12,1.12
2015.06.24 17:50:51.983,8.8005,8.80391,1.00,1.12
2015.06.24 17:50:52.185,8.80027,8.80391,1.60,1.12
2015.06.24 17:50:53.286,8.80032,8.80391,1.00,1.12
2015.06.24 17:50:53.590,8.80018,8.80356,1.35,1.12
2015.06.24 17:50:53.844,8.80033,8.80389,1.00,1.12
2015.06.24 17:50:54.364,8.80034,8.80343,1.00,1.12
2015.06.24 17:50:54.415,8.80051,8.80382,1.00,1.12
2015.06.24 17:50:54.629,8.80035,8.80382,1.60,1.12
2015.06.24 17:50:54.731,8.8006,8.80423,1.00,1.12
2015.06.24 17:50:55.941,8.8006,8.80394,1.00,1.12
2015.06.24 17:50:56.248,8.80068,8.80394,1.00,1.12
2015.06.24 17:50:56.553,8.8008,8.80406,2.10,1.12
2015.06.24 17:50:57.223,8.8009,8.80406,2.10,1.12
2015.06.24 17:50:57.325,8.80051,8.80406,1.75,1.12
2015.06.24 17:50:57.478,8.80051,8.80402,1.75,1.12
2015.06.24 17:50:57.580,8.80051,8.80402,1.00,1.12
2015.06.24 17:50:57.699,8.80073,8.80394,1.00,1.12
2015.06.24 17:50:58.130,8.80073,8.80377,1.00,1.12
2015.06.24 17:50:58.595,8.80051,8.80372,1.00,1.12
2015.06.24 17:50:59.474,8.80051,8.80388,1.00,1.12
2015.06.24 17:51:00.270,8.80051,8.80388,1.60,1.12
2015.06.24 17:51:00.473,8.80068,8.80405,1.00,1.12
2015.06.24 17:51:00.524,8.80047,8.80405,1.60,1.12
2015.06.24 17:51:00.576,8.80047,8.80405,1.60,1.12
2015.06.24 17:51:01.167,8.80047,8.80406,1.60,1.12
2015.06.24 17:51:01.768,8.8008,8.80436,2.10,1.45
2015.06.24 17:51:01.978,8.8008,8.80439,2.47,1.45
2015.06.24 17:51:02.268,8.80087,8.80439,2.17,1.37
2015.06.24 17:51:02.571,8.80091,8.80439,2.17,1.37
2015.06.24 17:51:03.534,8.80094,8.80428,2.17,1.07
2015.06.24 17:51:05.138,8.80077,8.80417,2.10,1.12
2015.06.24 17:51:05.531,8.80068,8.80417,2.10,1.12
2015.06.24 17:51:05.734,8.80068,8.80383,2.10,1.12
2015.06.24 17:51:06.091,8.80068,8.80416,2.10,1.12
2015.06.24 17:51:08.268,8.80069,8.80416,2.10,1.12
2015.06.24 17:51:08.774,8.80069,8.80427,2.10,1.87
2015.06.24 17:51:09.051,8.80066,8.80427,2.10,1.87
2015.06.24 17:51:09.159,8.80066,8.80389,2.10,1.12
2015.06.24 17:51:09.539,8.80045,8.80389,1.00,1.12
2015.06.24 17:51:10.151,8.80045,8.80391,1.00,1.12
2015.06.24 17:51:10.253,8.80045,8.80377,1.00,1.12
2015.06.24 17:51:10.650,8.80045,8.80377,1.75,1.12
2015.06.24 17:51:10.701,8.80045,8.80422,1.75,1.12
2015.06.24 17:51:11.342,8.80045,8.80422,1.00,1.12
2015.06.24 17:51:11.769,8.80083,8.80422,2.10,1.12
2015.06.24 17:51:11.921,8.80083,8.80427,2.10,1.95
2015.06.24 17:51:12.555,8.80082,8.80427,2.10,1.95
2015.06.24 17:51:13.020,8.80045,8.80427,1.37,1.95
2015.06.24 17:51:13.071,8.80045,8.8041,1.00,1.12
2015.06.24 17:51:13.223,8.80045,8.80422,1.00,1.12
2015.06.24 17:51:13.449,8.80045,8.80397,1.00,1.12
2015.06.24 17:51:13.809,8.80079,8.80412,2.10,1.12
2015.06.24 17:51:14.558,8.80087,8.80427,2.10,1.95
2015.06.24 17:51:15.217,8.80087,8.80427,2.17,1.57
2015.06.24 17:51:15.373,8.80087,8.8042,2.17,1.00
2015.06.24 17:51:16.031,8.80064,8.8042,1.12,1.00
2015.06.24 17:51:16.133,8.80064,8.80403,1.12,1.00
2015.06.24 17:51:16.184,8.8004,8.80397,1.00,1.12
2015.06.24 17:51:16.235,8.80023,8.80397,1.00,1.12
2015.06.24 17:51:16.286,8.80023,8.80354,1.00,1.12
2015.06.24 17:51:16.591,8.80005,8.80324,1.00,1.12
2015.06.24 17:51:16.948,8.80005,8.8035,1.00,1.12
2015.06.24 17:51:17.921,8.80005,8.80367,1.75,1.12
2015.06.24 17:51:18.830,8.80005,8.80367,1.00,1.12
2015.06.24 17:51:19.645,8.80004,8.80367,1.50,1.12
2015.06.24 17:51:20.227,8.80004,8.80367,2.25,1.12
2015.06.24 17:51:21.289,8.80004,8.80376,2.10,1.12
2015.06.24 17:51:21.341,8.80004,8.80376,2.10,1.12
2015.06.24 17:51:21.685,8.8002,8.80376,1.00,1.12
2015.06.24 17:51:22.018,8.80033,8.80376,2.10,1.12
2015.06.24 17:51:22.627,8.80039,8.80399,2.10,1.87
2015.06.24 17:51:23.296,8.8003,8.80399,1.05,1.87
2015.06.24 17:51:23.448,8.80025,8.80385,1.35,1.12
2015.06.24 17:51:23.790,8.8003,8.80385,1.30,1.12
2015.06.24 17:51:24.001,8.8003,8.80359,1.30,1.12
2015.06.24 17:51:24.497,8.80025,8.80359,1.35,1.12
2015.06.24 17:51:24.803,8.80025,8.80359,1.35,1.12
2015.06.24 17:51:25.005,8.80025,8.80382,1.35,1.45
2015.06.24 17:51:25.277,8.8003,8.80382,1.30,1.45
2015.06.24 17:51:25.429,8.80012,8.80345,2.10,1.12
2015.06.24 17:51:29.540,8.79976,8.80304,1.35,1.12
2015.06.24 17:51:29.709,8.79976,8.80318,1.35,1.12
2015.06.24 17:51:41.851,8.7997,8.80302,1.35,1.12
2015.06.24 17:51:42.479,8.7997,8.80318,1.35,1.12
2015.06.24 17:51:49.277,8.8005,8.80318,2.10,1.12
2015.06.24 17:51:49.429,8.8005,8.80347,2.10,1.12
2015.06.24 17:51:49.531,8.80061,8.80347,2.10,1.12
2015.06.24 17:51:50.047,8.80061,8.80364,2.10,1.12
2015.06.24 17:51:50.935,8.80061,8.80366,2.10,1.07
2015.06.24 17:52:10.027,8.80066,8.80382,2.10,1.37
2015.06.24 17:52:11.717,8.80066,8.80398,2.10,1.00
2015.06.24 17:52:11.767,8.8007,8.80398,2.10,1.00
2015.06.24 17:52:12.300,8.80083,8.80398,2.10,1.00
2015.06.24 17:52:12.351,8.80083,8.80418,2.10,1.07
2015.06.24 17:52:12.452,8.80083,8.80418,2.17,1.00
2015.06.24 17:52:13.181,8.80083,8.80433,2.17,1.12
2015.06.24 17:52:15.526,8.80086,8.80421,2.17,1.07
2015.06.24 17:52:16.718,8.80077,8.80421,2.17,1.07
2015.06.24 17:52:16.769,8.80081,8.80421,2.17,1.07
2015.06.24 17:52:23.786,8.80075,8.80433,2.17,1.12
2015.06.24 17:52:24.266,8.80081,8.80433,2.17,1.12
2015.06.24 17:52:25.565,8.80077,8.80433,2.17,1.12
2015.06.24 17:52:25.767,8.80081,8.80433,2.17,1.12
2015.06.24 17:52:26.432,8.80087,8.80433,2.10,1.12
2015.06.24 17:52:27.069,8.8009,8.80433,2.10,1.12
2015.06.24 17:52:28.314,8.80081,8.80433,2.17,1.12
2015.06.24 17:52:28.526,8.80085,8.80433,2.17,1.12
2015.06.24 17:52:29.278,8.80093,8.80433,2.10,1.12
2015.06.24 17:52:30.282,8.80094,8.80433,2.10,1.12
2015.06.24 17:52:32.266,8.8009,8.80419,2.10,1.10
2015.06.24 17:52:33.544,8.80091,8.80419,2.10,1.10
2015.06.24 17:52:37.303,8.8008,8.80419,2.17,1.10
2015.06.24 17:52:37.455,8.8008,8.80405,2.17,1.00
2015.06.24 17:52:41.329,8.80076,8.80405,2.17,1.00
2015.06.24 17:52:42.276,8.80079,8.80405,2.17,1.00
2015.06.24 17:52:42.824,8.80078,8.80405,2.17,1.00
2015.06.24 17:52:43.534,8.80085,8.80405,2.17,1.00
2015.06.24 17:52:44.089,8.80092,8.80426,2.10,1.07
2015.06.24 17:52:44.801,8.80091,8.80426,2.10,1.07
2015.06.24 17:52:52.275,8.80087,8.80426,2.10,1.07
2015.06.24 17:52:53.300,8.8009,8.80426,2.10,1.07
2015.06.24 17:52:54.569,8.80086,8.80431,2.17,1.07
2015.06.24 17:52:55.292,8.80076,8.80422,2.17,1.07
2015.06.24 17:52:59.890,8.80076,8.80422,2.10,1.07
2015.06.24 17:53:00.448,8.80076,8.80422,2.10,1.75
2015.06.24 17:53:01.469,8.80076,8.80422,2.10,1.07
2015.06.24 17:53:01.865,8.80076,8.80422,2.10,1.75
2015.06.24 17:53:02.070,8.80042,8.80405,1.37,1.12
2015.06.24 17:53:02.222,8.80042,8.80394,1.00,1.12
2015.06.24 17:53:02.273,8.80022,8.80384,1.00,1.45
2015.06.24 17:53:02.648,8.80022,8.80381,1.00,1.12
2015.06.24 17:53:02.968,8.80004,8.80361,3.00,1.12
2015.06.24 17:53:03.271,8.80004,8.80342,3.00,1.12
2015.06.24 17:53:03.788,8.80004,8.80342,1.50,1.12
2015.06.24 17:53:06.018,8.80004,8.80342,2.25,1.12
2015.06.24 17:53:14.541,8.79982,8.80342,1.75,1.12
2015.06.24 17:53:16.729,8.79982,8.80342,1.75,1.12
2015.06.24 17:53:17.055,8.79982,8.80316,1.75,1.12
2015.06.24 17:53:17.359,8.79982,8.80308,1.75,1.12
2015.06.24 17:53:17.661,8.79982,8.80302,1.75,1.12
2015.06.24 17:53:20.836,8.79982,8.80302,1.75,1.12
2015.06.24 17:53:20.937,8.79965,8.80302,1.37,1.12
2015.06.24 17:53:21.039,8.79965,8.80302,1.75,1.12
2015.06.24 17:53:22.153,8.79965,8.80302,1.50,1.12
2015.06.24 17:53:22.589,8.79965,8.80302,1.75,1.12
2015.06.24 17:53:24.062,8.79965,8.80302,1.00,1.12
2015.06.24 17:53:26.249,8.79965,8.80302,1.75,1.12
2015.06.24 17:53:26.300,8.79965,8.80302,1.12,1.12
2015.06.24 17:53:27.299,8.79965,8.80302,1.75,1.12
2015.06.24 17:53:31.025,8.80112,8.80302,2.10,1.12
2015.06.24 17:53:31.139,8.80112,8.80328,2.10,1.12
2015.06.24 17:53:31.190,8.80112,8.80334,2.10,1.47
2015.06.24 17:53:31.293,8.8012,8.80348,2.10,1.12
2015.06.24 17:53:31.600,8.80125,8.80374,2.10,1.12
2015.06.24 17:53:31.704,8.80125,8.80392,2.10,1.12
2015.06.24 17:53:32.547,8.80124,8.80392,2.10,1.12
2015.06.24 17:53:32.599,8.80129,8.80392,2.10,1.12
2015.06.24 17:53:32.821,8.80129,8.80396,2.10,1.95
2015.06.24 17:53:32.923,8.80129,8.80421,2.10,1.00
2015.06.24 17:53:34.281,8.80129,8.80419,2.10,1.00
2015.06.24 17:53:37.264,8.80084,8.80419,2.17,1.00
2015.06.24 17:53:37.315,8.80084,8.80426,2.17,1.00
2015.06.24 17:53:37.366,8.80084,8.80437,2.17,1.07
2015.06.24 17:53:37.530,8.80057,8.80437,1.07,1.37
2015.06.24 17:53:37.631,8.80057,8.80437,1.00,1.75
2015.06.24 17:53:37.834,8.80037,8.80394,1.00,1.12
2015.06.24 17:53:37.885,8.80016,8.80394,1.00,1.12
2015.06.24 17:53:37.986,8.79998,8.80355,1.00,1.12
2015.06.24 17:53:38.512,8.79998,8.80355,1.75,1.12
2015.06.24 17:53:38.858,8.79998,8.80342,1.75,1.12
2015.06.24 17:53:39.239,8.79998,8.80342,1.12,1.12
2015.06.24 17:53:41.591,8.79994,8.80341,1.87,1.12
2015.06.24 17:53:52.904,8.79994,8.80316,1.87,1.12
2015.06.24 17:53:54.138,8.79994,8.80303,1.87,1.12
2015.06.24 17:53:56.047,8.79994,8.80303,2.25,1.12
2015.06.24 17:53:57.518,8.79994,8.80303,1.50,1.12
2015.06.24 17:53:58.575,8.79994,8.80303,2.25,1.12
2015.06.24 17:54:00.154,8.79994,8.80303,1.50,1.12
2015.06.24 17:54:01.034,8.79967,8.80303,1.75,1.12
2015.06.24 17:54:11.301,8.79967,8.80303,1.75,1.12
2015.06.24 17:54:11.822,8.79967,8.80303,1.75,1.12
2015.06.24 17:54:16.684,8.79944,8.80303,1.75,1.12
2015.06.24 17:54:22.131,8.79951,8.80303,1.75,1.12
2015.06.24 17:54:29.099,8.79951,8.80303,1.75,1.12
2015.06.24 17:54:49.959,8.7995,8.80273,1.75,1.17
2015.06.24 17:54:50.792,8.79956,8.80273,1.35,1.10
2015.06.24 17:54:51.938,8.79956,8.80273,1.42,1.24
2015.06.24 17:54:51.989,8.79982,8.80273,1.35,1.24
2015.06.24 17:54:52.526,8.80012,8.80273,2.10,1.24
2015.06.24 17:54:53.422,8.80021,8.80273,2.10,1.15
2015.06.24 17:54:53.536,8.79937,8.80273,1.75,1.15
2015.06.24 17:54:53.638,8.79937,8.80273,1.75,1.63
2015.06.24 17:54:53.689,8.79935,8.80273,1.75,1.70
2015.06.24 17:54:54.096,8.79924,8.80273,2.25,1.06
2015.06.24 17:54:54.198,8.79924,8.80273,1.87,1.09
2015.06.24 17:54:54.605,8.79924,8.80273,1.50,1.03
2015.06.24 17:54:54.773,8.79924,8.80272,2.10,1.52
2015.06.24 17:54:54.977,8.79924,8.80272,2.10,1.45
2015.06.24 17:54:55.028,8.79919,8.80272,2.47,1.45
2015.06.24 17:54:55.181,8.79919,8.80272,2.47,1.17
2015.06.24 17:54:55.932,8.79919,8.80262,2.47,1.00
2015.06.24 17:54:55.983,8.79919,8.80262,2.10,1.07
2015.06.24 17:54:56.034,8.7991,8.80262,1.35,1.07
2015.06.24 17:54:56.187,8.7991,8.80262,1.35,1.37
2015.06.24 17:54:56.548,8.79913,8.80262,2.47,1.37
2015.06.24 17:54:56.751,8.79913,8.80262,2.47,1.07
2015.06.24 17:54:56.802,8.79921,8.80262,2.10,1.07
2015.06.24 17:54:57.271,8.79921,8.80262,2.10,1.00
2015.06.24 17:54:58.057,8.79962,8.80262,2.10,1.00
2015.06.24 17:54:58.374,8.79974,8.80284,2.10,1.40
2015.06.24 17:54:58.677,8.79977,8.80284,2.10,1.46
2015.06.24 17:54:59.301,8.79939,8.80284,2.10,1.40
2015.06.24 17:54:59.773,8.79964,8.80284,2.10,1.49
2015.06.24 17:55:00.114,8.79972,8.80293,2.10,1.43
2015.06.24 17:55:00.638,8.79972,8.80293,2.10,1.65
2015.06.24 17:55:01.319,8.7992,8.80293,1.82,1.70
2015.06.24 17:55:01.420,8.7992,8.80293,1.57,1.70
2015.06.24 17:55:01.471,8.79902,8.80267,1.75,1.20
2015.06.24 17:55:01.775,8.79902,8.80263,1.75,1.20
2015.06.24 17:55:02.452,8.7992,8.80282,2.85,1.31
2015.06.24 17:55:03.282,8.79961,8.80282,2.10,1.31
2015.06.24 17:55:03.587,8.79975,8.80293,2.10,1.68
2015.06.24 17:55:04.681,8.79979,8.80293,2.10,1.60
2015.06.24 17:55:04.786,8.79974,8.80311,2.10,1.73
2015.06.24 17:55:06.123,8.79943,8.80311,2.47,1.79
2015.06.24 17:55:06.279,8.7996,8.80281,2.10,1.25
2015.06.24 17:55:07.015,8.79976,8.80281,2.10,1.17
2015.06.24 17:55:07.344,8.79979,8.80281,2.10,1.29
2015.06.24 17:55:07.995,8.79985,8.80281,2.10,1.16
2015.06.24 17:55:08.306,8.79949,8.80281,2.17,1.28
2015.06.24 17:55:08.515,8.79971,8.80281,2.10,1.37
2015.06.24 17:55:09.531,8.79977,8.80281,2.10,1.17
2015.06.24 17:55:10.178,8.79981,8.8028,2.10,1.20
2015.06.24 17:55:10.514,8.79945,8.8028,2.17,1.20
2015.06.24 17:55:11.275,8.79965,8.8028,2.10,1.29
2015.06.24 17:55:11.924,8.79965,8.80278,2.10,1.63
2015.06.24 17:55:12.285,8.79898,8.80278,1.75,1.64
2015.06.24 17:55:12.336,8.79898,8.80278,1.75,1.64
2015.06.24 17:55:12.387,8.79898,8.8026,1.75,1.00
2015.06.24 17:55:12.691,8.79876,8.80242,1.35,1.37
2015.06.24 17:55:12.962,8.79867,8.80224,1.35,1.00
2015.06.24 17:55:13.063,8.79876,8.80224,1.35,1.00
2015.06.24 17:55:13.165,8.79874,8.80224,1.35,1.00
2015.06.24 17:55:13.290,8.79909,8.80224,2.10,1.00
2015.06.24 17:55:14.280,8.79863,8.80224,1.35,1.00
2015.06.24 17:55:14.817,8.79863,8.80224,2.85,1.07
2015.06.24 17:55:15.878,8.79871,8.80224,2.10,1.00
2015.06.24 17:55:16.192,8.79913,8.80224,2.10,1.00
2015.06.24 17:55:16.497,8.79916,8.80224,2.10,1.00
2015.06.24 17:55:18.193,8.79916,8.80236,2.10,1.00
2015.06.24 17:55:18.295,8.79923,8.80236,2.10,1.00
2015.06.24 17:55:18.883,8.79923,8.8024,2.10,1.00
2015.06.24 17:55:19.426,8.7996,8.8024,2.10,1.00
2015.06.24 17:55:20.035,8.79906,8.8024,1.35,1.00
2015.06.24 17:55:20.136,8.79906,8.8024,1.35,1.07
2015.06.24 17:55:20.537,8.79873,8.80238,2.85,1.10
2015.06.24 17:55:21.083,8.79909,8.80238,2.10,1.00
2015.06.24 17:55:21.444,8.79909,8.80238,2.10,1.00
2015.06.24 17:55:21.825,8.79886,8.80238,1.35,1.00
2015.06.24 17:55:23.551,8.79908,8.80256,2.10,1.37
2015.06.24 17:55:23.704,8.79908,8.80276,2.10,1.37
2015.06.24 17:55:23.917,8.79908,8.80276,2.10,1.07
2015.06.24 17:55:24.648,8.799,8.80276,2.47,1.07
2015.06.24 17:55:24.774,8.79942,8.80276,2.10,1.07
2015.06.24 17:55:24.876,8.79942,8.80276,2.10,1.00
2015.06.24 17:55:25.194,8.79942,8.80276,2.10,1.07
2015.06.24 17:55:25.774,8.79894,8.80276,2.17,1.07
2015.06.24 17:55:25.976,8.79894,8.80276,1.72,1.75
2015.06.24 17:55:27.563,8.79894,8.80269,1.97,1.12
2015.06.24 17:55:27.614,8.79894,8.80276,1.97,1.75
2015.06.24 17:55:28.015,8.79898,8.80276,2.10,1.37
2015.06.24 17:55:28.168,8.79899,8.80276,1.05,1.07
2015.06.24 17:55:29.027,8.79938,8.80276,2.10,1.00
2015.06.24 17:55:29.231,8.79938,8.80292,2.10,1.07
2015.06.24 17:55:29.384,8.79938,8.80292,2.10,1.37
2015.06.24 17:55:29.778,8.79935,8.80301,1.75,1.12
2015.06.24 17:55:29.930,8.79935,8.80301,1.75,1.12
2015.06.24 17:55:30.479,8.79935,8.80269,1.75,1.12
2015.06.24 17:55:31.096,8.79935,8.80269,1.75,1.12
2015.06.24 17:55:31.490,8.79935,8.8029,1.75,1.12
2015.06.24 17:55:31.786,8.79936,8.80302,1.35,1.12
2015.06.24 17:55:32.810,8.79942,8.80302,2.10,1.12
2015.06.24 17:55:32.911,8.79942,8.80308,2.10,1.12
2015.06.24 17:55:33.282,8.79948,8.80314,2.10,1.12
2015.06.24 17:55:33.631,8.79948,8.80301,2.10,1.12
2015.06.24 17:55:33.800,8.79935,8.80301,1.75,1.12
2015.06.24 17:55:33.905,8.79935,8.80277,1.75,1.12
2015.06.24 17:55:34.676,8.79935,8.80291,1.75,1.12
2015.06.24 17:55:34.887,8.79941,8.80296,1.30,1.12
2015.06.24 17:55:35.819,8.7994,8.80302,2.47,1.87
2015.06.24 17:55:35.870,8.7994,8.80302,2.47,1.50
2015.06.24 17:55:36.220,8.7994,8.80283,2.10,1.37
2015.06.24 17:55:36.790,8.79919,8.80283,1.00,1.37
2015.06.24 17:55:37.767,8.79919,8.80283,1.00,1.75
2015.06.24 17:55:38.490,8.79903,8.80269,1.75,1.12
2015.06.24 17:55:38.542,8.7991,8.80269,1.35,1.12
2015.06.24 17:55:38.643,8.7991,8.80283,1.35,1.57
2015.06.24 17:55:39.740,8.799,8.80266,1.35,1.82
2015.06.24 17:55:39.791,8.79892,8.80266,1.35,1.82
2015.06.24 17:55:41.302,8.799,8.80266,1.35,1.82
2015.06.24 17:55:41.404,8.799,8.80266,1.35,1.07
2015.06.24 17:55:42.526,8.79891,8.80266,1.35,1.47
2015.06.24 17:55:43.055,8.799,8.80266,1.35,1.47
2015.06.24 17:55:43.157,8.799,8.80266,1.35,1.07
2015.06.24 17:55:44.034,8.79894,8.80266,1.35,1.07
2015.06.24 17:55:44.136,8.79894,8.80266,1.35,1.47
2015.06.24 17:55:44.289,8.79891,8.80266,1.67,1.47
2015.06.24 17:55:44.390,8.79891,8.80266,1.30,1.47
2015.06.24 17:55:44.796,8.79891,8.80266,1.35,1.47
2015.06.24 17:55:45.171,8.79895,8.80266,1.35,1.07
2015.06.24 17:55:45.764,8.79893,8.80266,1.35,1.07
2015.06.24 17:55:45.895,8.79893,8.80266,1.35,1.47
2015.06.24 17:55:49.871,8.79886,8.80266,1.75,1.47
2015.06.24 17:55:50.524,8.79892,8.80266,2.47,1.47
2015.06.24 17:55:50.727,8.79892,8.80266,2.47,1.17
2015.06.24 17:55:50.939,8.79893,8.80266,1.05,1.00
2015.06.24 17:55:51.040,8.79901,8.80266,2.10,1.00
2015.06.24 17:55:51.784,8.79893,8.80266,2.55,1.00
2015.06.24 17:55:51.925,8.79893,8.80266,2.47,1.07
2015.06.24 17:55:52.027,8.79888,8.80266,1.67,1.07
2015.06.24 17:55:52.128,8.79886,8.80266,1.60,1.07
2015.06.24 17:55:52.179,8.79868,8.80248,2.10,1.07
2015.06.24 17:55:52.512,8.79868,8.80229,1.60,1.00
2015.06.24 17:55:52.878,8.79868,8.80229,1.60,1.00
2015.06.24 17:55:55.252,8.79857,8.80218,1.35,1.00
2015.06.24 17:55:55.587,8.79857,8.80235,1.35,1.00
2015.06.24 17:55:55.800,8.79857,8.80235,1.35,1.00
2015.06.24 17:55:56.375,8.79887,8.80235,2.10,1.00
2015.06.24 17:55:57.297,8.79862,8.80235,1.05,1.00
2015.06.24 17:55:59.023,8.79892,8.80235,2.10,1.00
2015.06.24 17:55:59.276,8.7989,8.80235,2.10,1.00
2015.06.24 17:56:00.430,8.79859,8.80235,1.35,1.00
2015.06.24 17:56:02.702,8.79862,8.80242,1.97,1.00
2015.06.24 17:56:03.319,8.79862,8.80242,1.97,1.00
2015.06.24 17:56:03.471,8.79879,8.8026,1.72,1.37
2015.06.24 17:56:03.573,8.79882,8.8026,1.35,1.37
2015.06.24 17:56:05.324,8.79893,8.8026,1.35,1.37
2015.06.24 17:56:05.477,8.79893,8.80261,1.35,1.07
2015.06.24 17:56:06.256,8.79893,8.80232,1.35,1.00
2015.06.24 17:56:06.307,8.79893,8.80232,1.35,1.00
2015.06.24 17:56:06.358,8.79893,8.80226,1.35,1.00
2015.06.24 17:56:07.025,8.79893,8.80226,1.35,1.00
2015.06.24 17:56:07.454,8.79878,8.80226,1.75,1.00
2015.06.24 17:56:08.252,8.79878,8.80201,1.75,1.00
2015.06.24 17:56:08.304,8.79878,8.80233,1.00,1.00
2015.06.24 17:56:10.466,8.79878,8.80233,1.45,1.00
2015.06.24 17:56:11.650,8.79863,8.80233,1.82,1.00
2015.06.24 17:56:12.412,8.79871,8.80233,1.20,1.00
2015.06.24 17:56:15.924,8.79871,8.80228,1.20,1.00
2015.06.24 17:56:16.720,8.7987,8.80228,1.50,1.00
2015.06.24 17:56:17.894,8.79874,8.80228,1.12,1.00
2015.06.24 17:56:19.900,8.7987,8.80228,1.50,1.00
2015.06.24 17:56:21.144,8.7987,8.80228,1.82,1.00
2015.06.24 17:56:22.870,8.79867,8.80228,1.75,1.00
2015.06.24 17:56:25.143,8.79871,8.80228,1.12,1.00
2015.06.24 17:56:25.476,8.79867,8.80205,1.82,1.00
2015.06.24 17:56:26.174,8.79867,8.80205,1.07,1.00
2015.06.24 17:56:26.478,8.79844,8.80205,2.32,1.00
2015.06.24 17:56:27.924,8.79859,8.80205,1.12,1.00
2015.06.24 17:56:28.939,8.79866,8.80205,1.12,1.00
2015.06.24 17:56:29.245,8.79858,8.80205,1.12,1.00
2015.06.24 17:56:29.448,8.79844,8.80205,2.32,1.00
2015.06.24 17:56:29.603,8.79844,8.80181,2.25,1.00
2015.06.24 17:56:29.654,8.79844,8.80181,1.50,1.00
2015.06.24 17:56:31.583,8.7983,8.80181,1.37,1.00
2015.06.24 17:56:32.187,8.79812,8.80154,1.12,1.00
2015.06.24 17:56:33.094,8.79811,8.80154,1.37,1.00
2015.06.24 17:56:33.342,8.79803,8.80128,1.12,1.00
2015.06.24 17:56:35.201,8.79792,8.80122,1.12,1.00
2015.06.24 17:56:41.196,8.79792,8.801,1.12,1.00
2015.06.24 17:56:42.225,8.79792,8.80075,1.12,1.00
2015.06.24 17:56:42.924,8.79779,8.80075,1.12,1.00
2015.06.24 17:56:42.975,8.7977,8.80075,1.12,1.00
2015.06.24 17:56:49.151,8.79753,8.80075,1.12,1.00
2015.06.24 17:56:49.368,8.79753,8.80052,1.12,1.00
2015.06.24 17:56:49.470,8.79746,8.80052,1.12,1.00
2015.06.24 17:56:50.890,8.79741,8.80052,1.12,1.00
2015.06.24 17:56:51.233,8.79762,8.80052,1.12,1.00
2015.06.24 17:56:51.453,8.79752,8.80052,1.12,1.00
2015.06.24 17:56:51.674,8.79741,8.80052,1.12,1.00
2015.06.24 17:56:52.141,8.79741,8.80029,1.12,1.00
2015.06.24 17:56:55.278,8.79741,8.80025,1.12,1.00
2015.06.24 17:56:59.485,8.79752,8.80025,1.12,1.00
2015.06.24 17:57:00.123,8.79746,8.80025,1.12,1.00
2015.06.24 17:57:13.318,8.79889,8.80045,2.10,1.00
2015.06.24 17:57:13.369,8.79889,8.80102,2.10,1.00
2015.06.24 17:57:13.470,8.79894,8.80136,1.60,1.50
2015.06.24 17:57:13.571,8.79895,8.80136,2.10,1.50
2015.06.24 17:57:13.622,8.79895,8.8017,2.10,1.37
2015.06.24 17:57:13.774,8.79895,8.80173,2.10,1.15
2015.06.24 17:57:13.825,8.799,8.80173,2.10,1.07
2015.06.24 17:57:13.876,8.799,8.80173,2.17,1.00
