2015.08.10 03:00:05.700,9.06364,9.06968,1.00,1.90
2015.08.10 03:00:12.762,9.06354,9.06956,1.50,1.82
2015.08.10 03:00:15.686,9.06298,9.06956,1.75,1.82
2015.08.10 03:00:17.022,9.06298,9.06924,1.75,1.20
2015.08.10 03:00:24.217,9.06264,9.06924,1.75,1.20
2015.08.10 03:00:24.824,9.06424,9.06756,1.50,1.50
2015.08.10 03:01:24.844,9.0621,9.06897,1.75,1.20
2015.08.10 03:01:29.252,9.0621,9.06928,1.90,1.20
2015.08.10 03:01:29.597,9.0621,9.06928,1.90,1.20
2015.08.10 03:02:01.698,9.0621,9.0695,1.75,1.75
2015.08.10 03:02:01.917,9.0621,9.0695,1.75,1.75
2015.08.10 03:02:02.018,9.0621,9.0695,1.75,1.75
2015.08.10 03:02:03.505,9.0621,9.0695,1.75,1.75
2015.08.10 03:02:08.947,9.0621,9.06936,1.00,1.75
2015.08.10 03:02:09.212,9.0621,9.06936,1.75,1.75
2015.08.10 03:02:10.101,9.0621,9.06936,1.00,1.75
2015.08.10 03:02:10.432,9.0621,9.06936,1.75,1.75
2015.08.10 03:02:11.544,9.0621,9.06937,1.75,1.75
2015.08.10 03:02:11.646,9.0621,9.06936,1.75,1.75
2015.08.10 03:02:12.329,9.0621,9.06936,1.75,1.75
2015.08.10 03:02:24.046,9.0621,9.06946,1.75,1.75
2015.08.10 03:02:31.829,9.0621,9.0695,1.75,1.75
2015.08.10 03:02:41.635,9.0621,9.0695,1.75,1.75
2015.08.10 03:02:52.806,9.0621,9.0695,1.75,1.75
2015.08.10 03:02:53.268,9.0621,9.0695,1.75,1.75
2015.08.10 03:02:59.628,9.0621,9.0695,1.75,1.75
2015.08.10 03:02:59.684,9.0621,9.0695,1.75,1.75
2015.08.10 03:03:01.944,9.0621,9.0695,1.75,1.75
2015.08.10 03:03:12.453,9.0621,9.0695,1.75,1.75
2015.08.10 03:03:57.632,9.06209,9.06946,1.75,1.75
2015.08.10 03:03:57.785,9.06209,9.06946,1.75,1.75
2015.08.10 03:03:57.836,9.06209,9.06946,1.75,1.75
2015.08.10 03:03:58.760,9.06209,9.06926,1.75,1.75
2015.08.10 03:04:06.361,9.0621,9.06926,1.75,1.75
2015.08.10 03:04:08.208,9.0621,9.06926,1.75,1.75
2015.08.10 03:04:42.800,9.06344,9.06676,1.50,1.50
2015.08.10 03:05:42.845,9.0621,9.06916,1.75,1.75
2015.08.10 03:06:12.997,9.0621,9.06916,1.75,1.75
2015.08.10 03:06:23.693,9.06209,9.06916,1.75,1.75
2015.08.10 03:06:23.951,9.06209,9.06916,1.75,1.75
2015.08.10 03:06:24.052,9.06209,9.06916,1.75,1.75
2015.08.10 03:06:43.711,9.06209,9.06916,1.75,1.75
2015.08.10 03:07:48.560,9.0621,9.06899,1.75,1.20
2015.08.10 03:08:48.778,9.0621,9.06899,1.75,1.20
2015.08.10 03:09:13.368,9.06184,9.06893,1.90,1.90
2015.08.10 03:09:31.855,9.06184,9.06899,1.90,1.20
2015.08.10 03:09:32.557,9.06171,9.06899,1.95,1.20
2015.08.10 03:09:32.609,9.06171,9.06899,1.95,1.20
2015.08.10 03:09:32.659,9.06171,9.06899,1.95,1.20
2015.08.10 03:09:32.761,9.06171,9.06899,1.95,1.20
2015.08.10 03:09:32.863,9.06171,9.0689,1.87,1.20
2015.08.10 03:09:32.914,9.06171,9.0687,1.75,1.20
2015.08.10 03:09:33.257,9.06171,9.06886,1.90,1.20
2015.08.10 03:09:35.493,9.06171,9.06886,1.90,1.20
2015.08.10 03:10:15.178,9.06194,9.06894,1.75,1.20
2015.08.10 03:10:44.391,9.06194,9.06893,1.75,1.20
2015.08.10 03:10:44.741,9.06194,9.06893,1.75,1.20
2015.08.10 03:10:44.843,9.06194,9.06893,1.75,1.20
2015.08.10 03:10:50.327,9.06194,9.06893,1.75,1.20
2015.08.10 03:10:56.729,9.06194,9.06893,1.75,1.20
2015.08.10 03:11:06.668,9.06194,9.06893,1.75,1.20
2015.08.10 03:11:13.406,9.06194,9.06893,1.75,1.20
2015.08.10 03:12:14.718,9.06194,9.06916,1.90,1.75
2015.08.10 03:12:26.881,9.06194,9.06919,1.90,1.75
2015.08.10 03:12:26.945,9.06194,9.06919,1.90,1.75
2015.08.10 03:12:36.774,9.06194,9.06919,1.90,1.75
2015.08.10 03:12:36.876,9.06194,9.06916,1.90,1.75
2015.08.10 03:12:46.840,9.06194,9.06919,1.90,1.75
2015.08.10 03:12:46.953,9.06194,9.06919,1.90,1.75
2015.08.10 03:12:57.090,9.06194,9.06916,1.90,1.75
2015.08.10 03:13:06.787,9.06194,9.06916,1.90,1.75
2015.08.10 03:13:06.901,9.06194,9.06919,1.90,1.75
2015.08.10 03:13:16.818,9.06194,9.06916,1.90,1.75
2015.08.10 03:13:16.921,9.06194,9.06916,1.90,1.75
2015.08.10 03:13:36.905,9.06194,9.06919,1.90,1.75
2015.08.10 03:13:36.956,9.06194,9.06919,1.90,1.75
2015.08.10 03:14:06.533,9.06194,9.06937,1.75,1.75
2015.08.10 03:14:06.951,9.06184,9.06937,1.75,1.75
2015.08.10 03:14:07.053,9.06184,9.06937,1.75,1.75
2015.08.10 03:14:07.663,9.06184,9.06937,1.75,1.75
2015.08.10 03:14:09.963,9.06183,9.06937,1.75,1.75
2015.08.10 03:14:10.065,9.06183,9.06937,1.75,1.75
2015.08.10 03:14:11.203,9.06183,9.06937,1.75,1.75
2015.08.10 03:14:11.821,9.06183,9.06937,1.75,1.75
2015.08.10 03:14:19.541,9.06183,9.06936,1.75,1.75
2015.08.10 03:14:19.952,9.06183,9.06936,1.75,1.75
2015.08.10 03:14:22.563,9.06194,9.06937,1.75,2.25
2015.08.10 03:14:24.133,9.06184,9.06937,1.75,2.25
2015.08.10 03:14:24.293,9.06184,9.06936,1.75,1.75
2015.08.10 03:14:24.412,9.06184,9.06936,1.75,1.75
2015.08.10 03:14:24.867,9.06184,9.06936,1.75,1.75
2015.08.10 03:14:31.190,9.06184,9.06936,1.75,1.75
2015.08.10 03:14:31.788,9.06184,9.06936,1.75,1.82
2015.08.10 03:14:32.089,9.06184,9.06936,1.75,1.82
2015.08.10 03:14:32.481,9.06184,9.06936,1.75,1.82
2015.08.10 03:14:32.641,9.06184,9.06936,1.75,1.82
2015.08.10 03:14:32.991,9.06184,9.06936,1.75,1.82
2015.08.10 03:14:34.000,9.06184,9.06936,1.75,1.82
2015.08.10 03:14:45.950,9.06184,9.06937,1.75,2.32
2015.08.10 03:14:46.001,9.06184,9.06937,1.75,2.32
2015.08.10 03:14:47.194,9.06184,9.06926,1.75,1.82
2015.08.10 03:14:58.160,9.06194,9.06926,1.75,1.82
2015.08.10 03:14:59.733,9.06194,9.06937,1.75,1.82
2015.08.10 03:15:07.058,9.06174,9.06926,1.75,1.82
2015.08.10 03:15:13.557,9.06174,9.06926,1.75,1.82
2015.08.10 03:15:14.696,9.06174,9.06926,1.75,1.82
2015.08.10 03:15:15.275,9.06174,9.06936,1.75,1.82
2015.08.10 03:15:15.623,9.06174,9.06936,1.75,1.82
2015.08.10 03:15:18.180,9.06194,9.06936,1.75,1.82
2015.08.10 03:15:18.381,9.06194,9.06936,1.75,1.82
2015.08.10 03:16:20.944,9.06194,9.06931,1.75,1.20
2015.08.10 03:16:41.257,9.06194,9.06931,1.75,1.20
2015.08.10 03:17:03.365,9.06184,9.06931,1.75,1.20
2015.08.10 03:17:21.484,9.06184,9.06931,1.75,1.20
2015.08.10 03:17:22.416,9.06184,9.06864,1.75,1.12
2015.08.10 03:17:22.798,9.06184,9.06864,1.75,1.20
2015.08.10 03:17:35.882,9.06194,9.06864,1.75,1.20
2015.08.10 03:17:36.268,9.06194,9.06864,1.75,1.20
2015.08.10 03:17:41.607,9.06194,9.06937,1.90,1.75
2015.08.10 03:17:51.012,9.06194,9.06937,1.90,1.75
2015.08.10 03:18:01.372,9.06194,9.06938,1.90,1.75
2015.08.10 03:18:03.488,9.06194,9.06938,1.90,1.75
2015.08.10 03:18:09.863,9.06194,9.06938,1.90,1.75
2015.08.10 03:18:10.066,9.06181,9.06938,1.12,1.75
2015.08.10 03:18:10.167,9.06174,9.06938,1.75,1.82
2015.08.10 03:18:12.350,9.06194,9.06938,1.82,1.75
2015.08.10 03:18:12.452,9.06194,9.06938,1.82,1.75
2015.08.10 03:18:13.468,9.06184,9.06938,1.90,1.75
2015.08.10 03:18:14.986,9.06184,9.06938,1.90,1.75
2015.08.10 03:18:20.755,9.06174,9.06926,1.90,1.75
2015.08.10 03:18:25.382,9.06174,9.06926,1.90,1.75
2015.08.10 03:18:28.551,9.06183,9.06936,1.90,1.75
2015.08.10 03:18:33.047,9.06174,9.06936,1.90,1.75
2015.08.10 03:18:44.326,9.06174,9.06926,1.90,1.75
2015.08.10 03:19:01.319,9.06174,9.06926,1.90,1.75
2015.08.10 03:19:04.187,9.06174,9.06926,1.90,1.75
2015.08.10 03:19:11.761,9.06174,9.06926,1.90,1.75
2015.08.10 03:19:19.806,9.06174,9.06917,1.90,1.75
2015.08.10 03:19:25.423,9.06184,9.06936,1.90,1.75
2015.08.10 03:19:32.636,9.06174,9.06936,1.90,1.75
2015.08.10 03:19:42.652,9.06174,9.06926,1.75,1.75
2015.08.10 03:19:51.591,9.06194,9.06937,1.75,1.75
2015.08.10 03:19:59.143,9.06194,9.06937,1.75,1.75
2015.08.10 03:19:59.450,9.06174,9.06936,1.75,1.75
2015.08.10 03:19:59.745,9.06174,9.06936,1.75,1.75
2015.08.10 03:20:17.313,9.06174,9.06926,1.75,1.75
2015.08.10 03:20:17.742,9.06174,9.06926,1.75,1.75
2015.08.10 03:20:18.186,9.06184,9.06926,1.75,1.75
2015.08.10 03:20:20.231,9.06184,9.06936,1.75,1.75
2015.08.10 03:20:40.947,9.06174,9.06936,1.75,1.75
2015.08.10 03:20:41.217,9.06174,9.06936,1.75,1.75
2015.08.10 03:20:45.958,9.06184,9.06936,1.75,1.75
2015.08.10 03:20:46.126,9.06174,9.06936,1.75,1.75
2015.08.10 03:20:48.950,9.06174,9.06936,1.75,1.75
2015.08.10 03:20:59.568,9.06194,9.06936,1.75,1.75
2015.08.10 03:21:25.791,9.06194,9.06936,1.75,1.75
2015.08.10 03:21:28.456,9.06174,9.06936,1.75,1.75
2015.08.10 03:21:32.468,9.06174,9.06936,1.75,1.75
2015.08.10 03:21:50.614,9.06173,9.06936,2.25,1.75
2015.08.10 03:21:50.716,9.06173,9.06936,2.25,1.75
2015.08.10 03:21:51.190,9.06173,9.06936,2.25,1.75
2015.08.10 03:21:53.463,9.06184,9.06936,1.75,1.75
2015.08.10 03:21:55.128,9.06184,9.06936,1.75,1.75
2015.08.10 03:21:55.430,9.06184,9.06936,1.75,1.75
2015.08.10 03:21:55.636,9.06184,9.06936,1.75,1.75
2015.08.10 03:21:56.649,9.06184,9.06936,1.75,1.75
2015.08.10 03:21:57.677,9.06194,9.06936,1.75,1.75
2015.08.10 03:21:57.778,9.06194,9.06936,1.75,1.75
2015.08.10 03:21:58.940,9.06184,9.06937,1.75,1.75
2015.08.10 03:22:02.271,9.06184,9.06937,1.75,1.75
2015.08.10 03:22:03.007,9.06194,9.06937,1.75,1.75
2015.08.10 03:22:08.809,9.06184,9.06936,1.75,1.75
2015.08.10 03:22:08.912,9.06184,9.06936,1.75,1.75
2015.08.10 03:22:12.906,9.06184,9.06936,1.75,1.75
2015.08.10 03:22:18.602,9.06184,9.06936,1.75,1.75
2015.08.10 03:22:31.155,9.06194,9.06937,1.75,1.75
2015.08.10 03:22:31.445,9.06174,9.06937,1.75,1.75
2015.08.10 03:22:31.547,9.06174,9.06937,1.75,1.75
2015.08.10 03:22:33.742,9.06174,9.06937,1.75,1.75
2015.08.10 03:22:35.974,9.06174,9.06926,1.75,1.75
2015.08.10 03:22:44.841,9.06184,9.06936,1.75,1.75
2015.08.10 03:22:46.542,9.06184,9.06936,1.75,1.75
2015.08.10 03:22:48.607,9.06174,9.06936,1.75,1.75
2015.08.10 03:22:48.709,9.06174,9.06936,1.75,1.75
2015.08.10 03:22:49.018,9.06174,9.06936,1.75,1.75
2015.08.10 03:22:51.947,9.06174,9.06936,1.75,1.75
2015.08.10 03:22:53.551,9.06174,9.06936,1.75,1.75
2015.08.10 03:22:59.884,9.06184,9.06926,1.75,1.75
2015.08.10 03:23:13.928,9.06174,9.06936,1.75,1.75
2015.08.10 03:23:14.135,9.06174,9.06936,1.75,1.75
2015.08.10 03:23:22.705,9.06184,9.06936,1.75,1.75
2015.08.10 03:23:25.658,9.06173,9.06936,1.75,1.75
2015.08.10 03:23:25.760,9.06173,9.06936,1.75,1.75
2015.08.10 03:23:26.087,9.06173,9.06936,1.75,1.75
2015.08.10 03:23:28.419,9.06173,9.06936,1.75,1.75
2015.08.10 03:23:30.186,9.06184,9.06936,1.75,1.75
2015.08.10 03:23:33.196,9.06184,9.06936,1.75,1.75
2015.08.10 03:23:52.222,9.06199,9.06936,1.20,1.75
2015.08.10 03:23:53.124,9.06199,9.06936,1.20,1.75
2015.08.10 03:23:54.825,9.06199,9.06937,1.20,2.25
2015.08.10 03:24:22.776,9.06199,9.06936,1.20,1.75
2015.08.10 03:24:37.661,9.06199,9.06936,1.20,1.75
2015.08.10 03:24:37.762,9.06199,9.06936,1.20,1.75
2015.08.10 03:24:38.390,9.06174,9.06936,1.82,1.82
2015.08.10 03:24:38.529,9.06174,9.06936,1.82,1.82
2015.08.10 03:24:39.153,9.06174,9.06936,1.82,1.82
2015.08.10 03:24:45.366,9.06184,9.06936,1.75,1.82
2015.08.10 03:25:14.433,9.06198,9.06936,1.20,1.75
2015.08.10 03:25:18.639,9.06198,9.06936,1.20,1.75
2015.08.10 03:25:29.870,9.06198,9.06936,1.20,1.75
2015.08.10 03:25:29.971,9.06198,9.06936,1.20,1.75
2015.08.10 03:25:30.177,9.06198,9.06927,1.20,1.75
2015.08.10 03:25:30.278,9.06198,9.06926,1.20,1.75
2015.08.10 03:25:31.614,9.06173,9.06926,1.85,1.82
2015.08.10 03:25:33.669,9.06174,9.06926,1.75,1.82
2015.08.10 03:25:35.777,9.06174,9.06926,1.75,1.82
2015.08.10 03:25:37.687,9.06184,9.06882,1.75,1.20
2015.08.10 03:25:38.697,9.06184,9.06882,1.75,1.20
2015.08.10 03:25:40.211,9.06184,9.06882,1.75,1.20
2015.08.10 03:25:42.108,9.06184,9.06882,1.75,1.20
2015.08.10 03:25:42.643,9.06174,9.06882,1.75,1.20
2015.08.10 03:25:43.812,9.06184,9.06882,1.75,1.20
2015.08.10 03:25:47.859,9.06174,9.06882,1.75,1.20
2015.08.10 03:26:26.854,9.06183,9.06882,1.75,1.20
2015.08.10 03:26:27.522,9.06183,9.06882,1.75,1.20
2015.08.10 03:26:28.759,9.06184,9.06882,1.75,1.20
2015.08.10 03:26:33.201,9.06193,9.06882,1.75,1.20
2015.08.10 03:26:37.482,9.06193,9.06882,1.75,1.20
2015.08.10 03:27:28.078,9.06194,9.06885,1.75,1.20
2015.08.10 03:27:30.717,9.06194,9.06882,1.75,1.20
2015.08.10 03:27:35.072,9.06194,9.06937,1.75,1.75
2015.08.10 03:28:10.015,9.06204,9.06937,1.75,1.75
2015.08.10 03:28:11.608,9.06204,9.06937,1.75,1.75
2015.08.10 03:28:17.261,9.06204,9.06937,1.75,1.75
2015.08.10 03:28:52.524,9.06213,9.06937,1.75,1.75
2015.08.10 03:29:54.230,9.06213,9.06926,1.75,1.20
2015.08.10 03:30:01.467,9.06214,9.06926,1.75,1.20
2015.08.10 03:30:02.467,9.06214,9.06926,1.75,1.20
2015.08.10 03:30:17.683,9.06214,9.06926,1.75,1.20
2015.08.10 03:30:32.600,9.06214,9.06926,1.75,1.20
2015.08.10 03:30:39.207,9.06214,9.06926,1.75,1.20
2015.08.10 03:30:39.309,9.06214,9.06926,1.75,1.20
2015.08.10 03:30:39.520,9.06234,9.06926,1.75,1.20
2015.08.10 03:30:39.740,9.06224,9.06926,1.75,1.20
2015.08.10 03:30:40.433,9.06424,9.06756,1.50,1.50
2015.08.10 03:31:40.759,9.06228,9.06938,1.20,1.75
2015.08.10 03:32:00.953,9.06262,9.06961,1.82,1.75
2015.08.10 03:32:46.878,9.06343,9.06946,1.00,1.75
2015.08.10 03:32:55.364,9.06343,9.06965,1.75,1.75
2015.08.10 03:32:57.906,9.06343,9.06965,1.00,1.75
2015.08.10 03:32:58.255,9.06343,9.06965,1.75,1.75
2015.08.10 03:33:07.447,9.06494,9.06826,1.50,1.50
2015.08.10 03:34:08.101,9.06364,9.06963,1.00,1.75
2015.08.10 03:34:33.120,9.06364,9.06963,1.00,1.75
2015.08.10 03:34:38.831,9.06364,9.06963,1.00,1.75
2015.08.10 03:34:41.278,9.06364,9.06963,1.00,1.75
2015.08.10 03:34:59.133,9.06364,9.06963,1.00,1.75
2015.08.10 03:35:05.145,9.06364,9.06963,1.00,1.75
2015.08.10 03:35:21.936,9.06364,9.06963,1.75,1.75
2015.08.10 03:35:22.392,9.06364,9.06963,1.00,1.75
2015.08.10 03:35:40.466,9.06363,9.06963,1.00,1.75
2015.08.10 03:35:49.284,9.06374,9.06963,1.00,1.75
2015.08.10 03:35:49.389,9.06374,9.06966,1.37,1.75
2015.08.10 03:36:00.834,9.06394,9.0698,1.00,1.75
2015.08.10 03:36:04.815,9.06384,9.06988,1.00,1.75
2015.08.10 03:36:18.134,9.06374,9.06974,1.37,1.75
2015.08.10 03:36:22.280,9.06374,9.06963,1.00,1.75
2015.08.10 03:36:48.563,9.06374,9.06969,1.75,1.75
2015.08.10 03:36:58.186,9.06384,9.06968,1.00,1.75
2015.08.10 03:37:00.611,9.06374,9.06979,1.00,1.75
2015.08.10 03:37:01.178,9.06374,9.06979,1.75,1.75
2015.08.10 03:37:01.520,9.06374,9.06979,1.00,1.75
2015.08.10 03:37:02.025,9.06374,9.06979,1.37,1.75
2015.08.10 03:37:24.614,9.06374,9.06963,1.00,1.75
2015.08.10 03:37:45.750,9.06374,9.06963,1.00,1.75
2015.08.10 03:38:46.827,9.06374,9.06963,1.00,1.75
2015.08.10 03:39:09.811,9.06384,9.06963,1.00,1.75
2015.08.10 03:39:12.407,9.06374,9.06988,1.00,1.82
2015.08.10 03:39:13.111,9.06384,9.06988,1.00,1.82
2015.08.10 03:39:14.773,9.06374,9.06988,1.00,1.82
2015.08.10 03:39:15.311,9.06394,9.06988,1.00,1.82
2015.08.10 03:39:16.655,9.06384,9.06988,1.00,1.82
2015.08.10 03:39:19.050,9.06394,9.0698,1.00,1.82
2015.08.10 03:39:19.180,9.06394,9.0698,1.37,1.82
2015.08.10 03:39:44.293,9.06373,9.06978,1.00,1.75
2015.08.10 03:39:55.146,9.06394,9.06982,1.00,1.75
2015.08.10 03:39:55.790,9.06374,9.06982,1.00,1.75
2015.08.10 03:39:56.397,9.06374,9.06982,1.75,1.75
2015.08.10 03:40:03.110,9.06374,9.06994,1.00,1.75
2015.08.10 03:40:03.898,9.06374,9.06994,1.75,1.75
2015.08.10 03:40:03.951,9.06374,9.06994,1.00,1.75
2015.08.10 03:40:06.423,9.06374,9.06981,1.75,1.75
2015.08.10 03:40:06.723,9.06374,9.06981,1.00,1.75
2015.08.10 03:40:20.730,9.06374,9.06969,1.75,1.75
2015.08.10 03:40:28.947,9.06374,9.06967,1.00,1.75
2015.08.10 03:40:31.337,9.06394,9.06967,1.00,1.75
2015.08.10 03:40:31.388,9.06394,9.06967,1.00,1.75
2015.08.10 03:40:33.651,9.06384,9.06967,1.00,1.75
2015.08.10 03:40:36.988,9.06384,9.06979,1.00,1.75
2015.08.10 03:40:52.972,9.06384,9.06963,1.12,1.75
2015.08.10 03:40:55.525,9.06384,9.06963,1.00,1.75
2015.08.10 03:40:56.634,9.06384,9.06963,1.00,1.75
2015.08.10 03:40:57.360,9.06404,9.06985,1.00,1.75
2015.08.10 03:40:58.329,9.06384,9.06985,1.00,1.75
2015.08.10 03:40:59.050,9.06404,9.06985,1.00,1.75
2015.08.10 03:41:00.381,9.06384,9.06985,1.00,1.75
2015.08.10 03:41:10.928,9.06394,9.06985,1.00,1.75
2015.08.10 03:41:11.590,9.06384,9.06985,1.00,1.75
2015.08.10 03:41:12.140,9.06394,9.06985,1.00,1.75
2015.08.10 03:41:13.142,9.06384,9.06985,1.00,1.75
2015.08.10 03:41:13.498,9.06394,9.06985,1.00,1.75
2015.08.10 03:41:14.340,9.06384,9.06985,1.00,1.75
2015.08.10 03:41:14.560,9.06394,9.06985,1.00,1.75
2015.08.10 03:41:15.551,9.06383,9.0698,1.00,1.75
2015.08.10 03:41:16.173,9.06394,9.0698,1.00,1.75
2015.08.10 03:41:18.311,9.06384,9.0698,1.00,1.75
2015.08.10 03:41:19.311,9.06393,9.0698,1.00,1.75
2015.08.10 03:41:21.830,9.06384,9.0698,1.00,1.75
2015.08.10 03:41:22.848,9.06394,9.06983,1.00,1.75
2015.08.10 03:41:24.707,9.06384,9.06983,1.00,1.75
2015.08.10 03:41:25.376,9.06394,9.06983,1.00,1.75
2015.08.10 03:41:26.880,9.06384,9.06988,1.00,1.75
2015.08.10 03:41:27.883,9.06393,9.06988,1.00,1.75
2015.08.10 03:41:29.300,9.06384,9.06988,1.00,1.75
2015.08.10 03:41:30.108,9.06394,9.06988,1.00,1.75
2015.08.10 03:41:31.101,9.06384,9.06988,1.00,1.75
2015.08.10 03:41:31.287,9.06394,9.06988,1.00,1.75
2015.08.10 03:41:32.395,9.06394,9.06988,1.75,1.75
2015.08.10 03:41:33.847,9.06384,9.06999,1.00,1.75
2015.08.10 03:41:34.360,9.06394,9.06999,1.00,1.75
2015.08.10 03:41:36.145,9.06384,9.06999,1.00,1.82
2015.08.10 03:41:36.559,9.06394,9.06999,1.00,1.82
2015.08.10 03:41:37.854,9.06374,9.06999,1.75,1.82
2015.08.10 03:41:37.905,9.06393,9.06999,1.00,1.82
2015.08.10 03:41:39.137,9.06374,9.06991,1.75,1.82
2015.08.10 03:41:39.539,9.06394,9.06991,1.00,1.82
2015.08.10 03:41:42.652,9.06374,9.06991,1.75,1.82
2015.08.10 03:41:44.369,9.06394,9.06993,1.00,1.82
2015.08.10 03:41:45.513,9.06394,9.06993,1.75,1.82
2015.08.10 03:41:46.618,9.06384,9.06993,1.00,1.82
2015.08.10 03:41:48.353,9.06394,9.06993,1.00,1.82
2015.08.10 03:41:50.529,9.06384,9.06991,1.00,1.82
2015.08.10 03:41:51.299,9.06394,9.06991,1.00,1.82
2015.08.10 03:41:54.093,9.06384,9.06991,1.00,1.82
2015.08.10 03:41:55.044,9.06394,9.06991,1.00,1.82
2015.08.10 03:41:57.161,9.06384,9.06988,1.00,1.82
2015.08.10 03:41:57.263,9.06384,9.06988,1.75,1.82
2015.08.10 03:42:01.425,9.06393,9.06988,1.12,1.82
2015.08.10 03:42:02.318,9.06394,9.06989,1.00,1.82
2015.08.10 03:42:04.423,9.06384,9.06989,1.75,1.82
2015.08.10 03:42:05.049,9.06394,9.06989,1.00,1.82
2015.08.10 03:42:07.839,9.06384,9.06993,1.75,1.82
2015.08.10 03:42:08.342,9.06394,9.06993,1.00,1.82
2015.08.10 03:42:14.462,9.06384,9.06993,1.75,1.82
2015.08.10 03:42:15.391,9.06394,9.06996,1.00,1.82
2015.08.10 03:42:18.185,9.06384,9.06996,1.75,1.82
2015.08.10 03:42:19.613,9.06394,9.06996,1.00,1.82
2015.08.10 03:42:21.596,9.06383,9.06991,1.75,1.82
2015.08.10 03:42:22.323,9.06394,9.06991,1.00,1.82
2015.08.10 03:42:24.650,9.06384,9.06991,1.75,1.82
2015.08.10 03:42:25.303,9.06394,9.06991,1.00,1.82
2015.08.10 03:42:28.041,9.06384,9.06989,1.75,1.82
2015.08.10 03:42:29.139,9.06394,9.06989,1.00,1.82
2015.08.10 03:42:30.613,9.06383,9.06989,1.75,1.82
2015.08.10 03:42:31.140,9.06394,9.06989,1.00,1.82
2015.08.10 03:42:34.089,9.06374,9.06982,1.75,1.82
2015.08.10 03:42:34.825,9.06394,9.06982,1.00,1.82
2015.08.10 03:42:37.659,9.06374,9.06982,1.75,1.82
2015.08.10 03:42:38.400,9.06394,9.06982,1.00,1.82
2015.08.10 03:42:42.939,9.06374,9.06997,1.75,1.82
2015.08.10 03:42:43.697,9.06394,9.06997,1.00,1.82
2015.08.10 03:42:44.871,9.06374,9.06994,1.75,1.82
2015.08.10 03:42:45.686,9.06394,9.06994,1.00,1.82
2015.08.10 03:42:46.675,9.06374,9.06994,1.75,1.82
2015.08.10 03:42:47.197,9.06394,9.06994,1.00,1.82
2015.08.10 03:42:48.413,9.06373,9.06994,1.75,1.82
2015.08.10 03:42:48.930,9.06394,9.06994,1.00,1.82
2015.08.10 03:42:49.611,9.06374,9.06994,1.75,1.82
2015.08.10 03:42:50.274,9.06394,9.06994,1.00,1.82
2015.08.10 03:42:50.810,9.06374,9.06993,1.75,1.82
2015.08.10 03:42:51.589,9.06394,9.06993,1.00,1.82
2015.08.10 03:42:52.569,9.06374,9.06993,1.75,1.82
2015.08.10 03:42:55.320,9.06394,9.06993,1.00,1.82
2015.08.10 03:42:57.490,9.06394,9.06995,1.00,1.82
2015.08.10 03:42:57.649,9.06374,9.06995,1.75,1.82
2015.08.10 03:42:57.700,9.06374,9.06995,1.00,1.82
2015.08.10 03:42:58.307,9.06394,9.06995,1.00,1.82
2015.08.10 03:43:00.050,9.06374,9.06995,1.00,1.82
2015.08.10 03:43:01.842,9.06394,9.06983,1.00,1.82
2015.08.10 03:43:02.596,9.06394,9.06983,1.00,1.82
2015.08.10 03:43:02.822,9.06374,9.06983,1.75,1.82
2015.08.10 03:43:03.128,9.06394,9.06983,1.00,1.82
2015.08.10 03:43:26.119,9.06384,9.07003,1.00,1.90
2015.08.10 03:43:31.398,9.06374,9.06998,1.75,1.82
2015.08.10 03:43:35.379,9.06363,9.06991,1.75,1.82
2015.08.10 03:43:38.789,9.06363,9.06991,1.00,1.75
2015.08.10 03:43:39.542,9.06384,9.06991,1.00,1.75
2015.08.10 03:43:40.649,9.06374,9.06988,1.00,1.75
2015.08.10 03:43:42.813,9.06384,9.06988,1.00,1.75
2015.08.10 03:43:43.852,9.06364,9.06988,1.00,1.75
2015.08.10 03:43:44.598,9.06384,9.06988,1.00,1.75
2015.08.10 03:43:47.357,9.06364,9.06982,1.00,1.75
2015.08.10 03:44:13.439,9.06384,9.06977,1.00,1.75
2015.08.10 03:44:15.865,9.06364,9.06977,1.00,1.75
2015.08.10 03:44:18.588,9.06384,9.06986,1.00,1.75
2015.08.10 03:44:20.567,9.06364,9.06986,1.00,1.75
2015.08.10 03:44:21.157,9.06384,9.06986,1.00,1.75
2015.08.10 03:44:22.189,9.06364,9.06986,1.00,1.75
2015.08.10 03:44:22.562,9.06384,9.06986,1.00,1.75
2015.08.10 03:44:29.624,9.06374,9.06996,1.00,2.25
2015.08.10 03:44:30.365,9.06383,9.06996,1.00,2.25
2015.08.10 03:44:31.584,9.06374,9.06996,1.00,2.25
2015.08.10 03:44:33.328,9.06384,9.06996,1.00,2.25
2015.08.10 03:44:34.538,9.06373,9.06996,1.00,2.25
2015.08.10 03:44:34.894,9.06394,9.06996,1.00,1.75
2015.08.10 03:44:36.336,9.06374,9.06996,1.00,1.75
2015.08.10 03:44:36.627,9.06393,9.06996,1.00,1.75
2015.08.10 03:44:48.556,9.06393,9.07004,1.75,1.75
2015.08.10 03:44:57.745,9.06373,9.07001,1.00,1.75
2015.08.10 03:44:57.796,9.06373,9.07001,1.75,1.75
2015.08.10 03:45:03.909,9.06374,9.06994,1.00,1.75
2015.08.10 03:45:31.955,9.06394,9.06978,1.00,1.75
2015.08.10 03:45:32.286,9.06384,9.06978,1.00,1.75
2015.08.10 03:45:32.836,9.06394,9.06978,1.00,1.75
2015.08.10 03:45:34.226,9.06384,9.06978,1.00,1.75
2015.08.10 03:45:45.423,9.06384,9.06967,1.00,1.75
2015.08.10 03:45:46.525,9.06394,9.06963,1.00,1.75
2015.08.10 03:45:47.285,9.06384,9.06963,1.00,1.75
2015.08.10 03:45:48.830,9.06384,9.06963,1.75,1.75
2015.08.10 03:45:56.937,9.06374,9.0697,1.00,1.75
2015.08.10 03:46:01.076,9.06383,9.0697,1.00,1.75
2015.08.10 03:46:23.365,9.06393,9.06986,1.00,1.75
2015.08.10 03:46:24.608,9.06383,9.06986,1.75,1.75
2015.08.10 03:46:31.479,9.06393,9.0698,1.00,1.75
2015.08.10 03:46:31.616,9.06383,9.0698,1.00,1.75
2015.08.10 03:46:32.433,9.06394,9.0698,1.00,1.75
2015.08.10 03:46:33.610,9.06384,9.06997,1.00,1.75
2015.08.10 03:46:34.365,9.06394,9.06997,1.00,1.75
2015.08.10 03:46:36.800,9.06384,9.06997,1.00,1.75
2015.08.10 03:46:38.544,9.06394,9.06997,1.00,1.75
2015.08.10 03:46:39.864,9.06384,9.06986,1.00,1.75
2015.08.10 03:46:41.632,9.06394,9.06986,1.00,1.75
2015.08.10 03:46:51.967,9.06394,9.06991,1.75,1.75
2015.08.10 03:47:03.767,9.06374,9.06988,1.00,1.75
2015.08.10 03:47:12.287,9.06394,9.0698,1.37,1.75
2015.08.10 03:47:14.767,9.06373,9.0698,1.00,1.75
2015.08.10 03:47:17.044,9.06384,9.0698,1.00,1.75
2015.08.10 03:47:20.580,9.06364,9.06987,1.37,1.75
2015.08.10 03:47:23.675,9.06384,9.06986,1.00,1.75
2015.08.10 03:47:24.450,9.06364,9.06983,1.37,1.75
2015.08.10 03:47:25.103,9.06384,9.06983,1.00,1.75
2015.08.10 03:47:26.834,9.06364,9.06983,1.37,1.75
2015.08.10 03:47:28.620,9.06384,9.06983,1.00,1.75
2015.08.10 03:47:29.594,9.06364,9.06985,1.37,1.75
2015.08.10 03:47:29.828,9.06364,9.06985,1.75,1.75
2015.08.10 03:47:31.938,9.06364,9.06985,1.12,1.75
2015.08.10 03:48:34.639,9.06313,9.06965,1.75,1.75
2015.08.10 03:48:38.663,9.06364,9.06971,1.00,1.75
2015.08.10 03:48:46.604,9.06374,9.06968,1.00,1.75
2015.08.10 03:48:51.533,9.06384,9.06968,1.00,1.75
2015.08.10 03:48:53.879,9.06374,9.06982,1.00,1.82
2015.08.10 03:48:53.930,9.06374,9.06982,1.75,1.82
2015.08.10 03:49:54.707,9.06374,9.06977,1.00,1.75
2015.08.10 03:50:48.794,9.06364,9.06968,1.75,1.75
2015.08.10 03:50:55.022,9.06364,9.06966,1.00,1.75
2015.08.10 03:50:59.973,9.06364,9.06963,1.00,1.75
2015.08.10 03:51:01.796,9.06354,9.06963,1.00,1.75
2015.08.10 03:51:02.055,9.06354,9.06963,1.75,1.75
2015.08.10 03:51:09.069,9.06354,9.06964,1.00,1.75
2015.08.10 03:51:12.452,9.06363,9.06964,1.00,1.75
2015.08.10 03:51:18.577,9.06363,9.06964,1.37,1.75
2015.08.10 03:51:42.869,9.06363,9.06964,1.75,1.75
2015.08.10 03:52:00.290,9.06384,9.06972,1.00,1.75
2015.08.10 03:52:04.370,9.06364,9.06972,1.75,1.75
2015.08.10 03:52:29.275,9.06364,9.06964,1.00,1.75
2015.08.10 03:52:47.657,9.06364,9.06963,1.75,1.75
2015.08.10 03:53:37.425,9.06353,9.06963,1.00,1.75
2015.08.10 03:53:44.523,9.06354,9.06963,1.00,1.75
2015.08.10 03:53:53.815,9.06354,9.06963,1.75,1.75
2015.08.10 03:53:56.318,9.06354,9.06963,1.00,1.75
2015.08.10 03:54:03.600,9.06354,9.06963,1.75,1.75
2015.08.10 03:55:06.667,9.06364,9.06963,1.00,1.75
2015.08.10 03:55:27.806,9.06354,9.06964,1.75,1.75
2015.08.10 03:56:06.751,9.06354,9.06968,1.75,1.75
2015.08.10 03:57:07.002,9.06354,9.06965,1.75,1.75
2015.08.10 03:57:53.908,9.06364,9.06964,1.75,1.75
2015.08.10 03:58:08.200,9.06364,9.06974,1.75,1.75
2015.08.10 03:58:16.879,9.06344,9.06966,1.75,1.75
2015.08.10 03:58:51.777,9.06344,9.06956,1.75,1.75
2015.08.10 03:58:52.949,9.06354,9.06956,1.75,1.75
2015.08.10 03:58:57.412,9.06354,9.06963,1.00,1.75
2015.08.10 03:58:58.362,9.06344,9.06963,1.00,1.75
2015.08.10 03:59:00.788,9.06334,9.06963,1.37,1.75
2015.08.10 03:59:05.151,9.06334,9.06956,1.75,1.75
2015.08.10 03:59:06.947,9.06334,9.06946,1.75,1.75
2015.08.10 03:59:07.340,9.06334,9.06956,1.75,1.75
2015.08.10 03:59:08.649,9.06334,9.06946,1.37,1.75
2015.08.10 03:59:09.112,9.06334,9.06957,1.75,1.75
2015.08.10 03:59:24.191,9.06334,9.06947,1.75,1.75
2015.08.10 03:59:24.591,9.06334,9.06956,1.75,1.75
2015.08.10 03:59:24.893,9.06344,9.06956,1.75,1.75
2015.08.10 03:59:26.105,9.06344,9.06956,1.37,1.75
2015.08.10 03:59:26.499,9.06344,9.06956,1.75,1.75
2015.08.10 03:59:47.553,9.06354,9.06963,1.00,1.90
2015.08.10 03:59:56.647,9.06354,9.06964,1.75,1.75
2015.08.10 03:59:57.268,9.06344,9.06964,1.00,1.90
2015.08.10 03:59:58.429,9.06344,9.06964,1.75,1.90
